2040 3510
112 147 143 199 82
348 145 380 196 D.
398 145 504 197 JUNII
520 147 538 195 J
542 145 731 196 UVENALIS

112 233 323 304 sardonychum,
340 235 433 290 loculis
450 252 520 306 qaae
537 235 692 290 custoditur
710 236 831 306 eburnis,

112 310 148 364 Te
164 327 243 379 nunc,
261 311 379 378 delicias,
398 316 478 368 extra
496 311 650 366 communia
667 328 761 366 censes
928 328 963 368 rao

111 385 288 444 Ponenduml
324 388 377 452 Qui
396 393 427 443 tu
446 389 564 456 gallinae
582 388 654 442 filius
671 387 756 458 albae,

110 462 167 517 Nos
185 464 253 519 viles
271 465 338 533 pulli
356 466 415 519 uati
433 465 588 519 infelicibus
606 466 680 520 ovisl

110 539 180 594 Rem
199 546 302 610 pateris
319 543 454 595 modicam
473 545 502 597 et
520 541 650 596 mediocri
668 541 723 596 bilo
739 541 889 609 ferendam,

110 616 140 672 si
157 617 251 672 flectas
268 619 359 672 oculos
378 618 484 686 majora
503 617 540 672 ad
559 618 680 673 crimina
717 618 817 673 Confer
835 675 837 679 ,

110 693 282 748 Conductum
299 693 440 761 latronem,
458 692 585 748 incendia
603 695 705 749 sulfure
721 696 820 764 coepta
926 709 961 752 145

110 770 205 838 Atque
223 769 286 824 dolo
303 771 405 839 primos
423 787 508 840 quum
521 770 608 839 janua
626 772 726 840 colligit
744 770 834 839 ignes:

110 845 210 900 Confer
227 850 256 901 et
273 847 323 900 hos
340 847 440 901 veteris
458 847 507 916 qui
524 847 624 902 tollunt
641 847 756 917 grandia
773 847 870 917 templi

110 921 212 977 Pocula
229 923 385 978 adorandae
402 923 534 992 robiginis
551 928 581 978 et
598 924 760 994 populorum

110 997 189 1052 Dona
202 999 245 1053 vel
263 1000 375 1069 antiquo
394 1001 498 1069 positas
515 1016 532 1055 a
549 1017 614 1069 rege
632 1017 751 1056 coronas

111 1074 187 1130 Haec
204 1075 242 1130 ibi
259 1077 353 1134 sinon
371 1082 443 1139 sunt,
461 1077 550 1131 minor
567 1081 659 1132 exstat
677 1078 823 1146 sacrilegus
841 1079 889 1147 qui
924 1090 960 1135 15⁰

110 1149 202 1206 Radat
219 1153 337 1209 inaurati
353 1153 443 1207 femur
461 1152 587 1207 Herculis
604 1158 633 1208 et
650 1155 747 1209 faciem
764 1155 853 1223 ipsam

110 1227 241 1297 Neptuni,
259 1230 306 1298 qui
322 1228 491 1283 bracteolam
509 1230 545 1282 de
564 1229 678 1283 Castore
696 1229 787 1284 ducat.

109 1306 155 1357 Au
172 1305 281 1360 dubitet
299 1305 395 1360 solitus
413 1308 503 1359 totum
520 1303 638 1359 conflare
656 1306 822 1360 Tonantem?

110 1378 209 1434 Confer
226 1386 255 1436 et
272 1381 391 1436 artifices
408 1385 643 1450 mercatoremque
660 1381 764 1448 veneni,

109 1455 147 1509 llt
164 1456 355 1512 deducendum
372 1457 445 1512 corio
463 1457 540 1511 bovis
557 1457 585 1510 iu
603 1473 687 1523 mare,
705 1474 767 1512 cum
784 1473 839 1526 quo
923 1473 958 1512 155

109 1532 252 1587 Clauditur
269 1533 390 1588 adversis
408 1534 517 1589 innoxia
532 1533 611 1588 simia
628 1534 698 1589 fatis.

109 1608 186 1664 Haec
204 1613 289 1679 quota
305 1627 369 1679 pars
386 1610 519 1665 scelerum
537 1626 608 1680 quae
625 1613 717 1664 custos
734 1610 854 1666 Gallicus
872 1607 958 1664 Urbis

109 1685 204 1754 Usque
221 1703 238 1740 a
256 1687 382 1741 Lucifero
400 1686 486 1741 donec
502 1687 550 1741 lux
569 1687 676 1742 occidat
692 1687 787 1743 auditi

109 1761 230 1816 Humani
247 1763 354 1831 generis
372 1779 462 1817 mores
480 1762 532 1817 tibi
550 1779 630 1817 nosse
649 1762 750 1818 volenti

107 1837 213 1896 Sufficit
231 1855 286 1892 una
306 1839 410 1892 domus.
447 1839 552 1894 Paucos
570 1855 698 1894 consume
716 1838 783 1906 dies,
803 1842 833 1894 et
921 1855 958 1895 1co
978 1877 980 1879 .

108 1914 205 1969 Dicere
225 1918 254 1969 te
272 1915 403 1969 miserum
421 1920 568 1985 postquam
585 1915 659 1969 illinc
678 1917 785 1971 veneris
803 1915 880 1970 ande.

108 1990 174 2055 Quis
194 1991 331 2046 tumidum
351 1995 449 2059 guttur
466 1992 582 2045 miratur
599 1992 628 2045 iu
648 1991 783 2061 Alpibusl
807 1994 856 2048 aut
874 1993 934 2060 quis

108 2066 142 2120 In
161 2066 257 2121 Meroe
277 2083 368 2121 crasso
386 2066 518 2135 majorem
537 2067 641 2120 infante
660 2066 824 2122 mamillaml

108 2142 223 2198 Caerula
242 2144 303 2212 quis
322 2143 430 2213 stupuit
449 2142 578 2198 Germani
596 2141 707 2208 lumina,
726 2142 825 2197 flavam

108 2219 261 2275 Caesarium
281 2224 310 2274 et
328 2217 438 2273 madido
456 2222 631 2287 torquentem
649 2234 751 2273 cornua
768 2218 857 2274 cirrol
920 2235 955 2276 ms

107 2298 214 2366 Nempe
232 2296 306 2366 quod
324 2295 391 2350 haec
409 2295 463 2349 illis
480 2299 579 2349 natura
597 2298 642 2349 est
660 2293 784 2350 omnibus
802 2312 864 2350 una

107 2373 155 2428 Ad
173 2373 275 2427 subitas
296 2373 430 2427 Thracum
448 2371 571 2426 volucres
587 2372 742 2441 nubemque
760 2387 885 2426 sonoram

107 2450 258 2519 Pygmaeus
276 2450 367 2519 parvis
385 2448 473 2503 currit
490 2448 608 2502 bellator
626 2449 655 2502 in
676 2449 771 2514 armis3

107 2529 173 2582 Mox
190 2527 279 2595 impar
296 2525 369 2580 hosti
389 2529 538 2594 raptusque
558 2541 607 2594 per
625 2541 690 2580 aera
707 2525 796 2580 curris

107 2602 249 2671 Unguibus
269 2618 286 2655 a
304 2614 385 2658 saara
402 2601 492 2657 fertur
510 2617 587 2669 grae.
621 2601 651 2656 si
669 2601 763 2656 videas
781 2601 833 2658 hoo
918 2615 954 2657 rto

107 2678 244 2734 Gentibus
262 2679 290 2732 in
308 2678 409 2732 nostris
427 2678 486 2732 risu
504 2679 641 2746 quatiere:
666 2679 716 2733 sed
734 2679 796 2746 illic,

108 2756 268 2824 Quanquam
287 2753 382 2808 eadem
402 2752 510 2808 assidue
529 2758 688 2822 spectentur
706 2754 816 2824 proelia,
834 2753 909 2810 ridet

106 2831 203 2899 Nemo,
220 2831 269 2884 ubi
288 2834 349 2884 tota
365 2831 461 2885 cohors
480 2829 551 2899 pede
569 2847 623 2884 non
642 2835 685 2887 ost
703 2831 784 2885 altior
802 2846 863 2887 uno.

141 2907 276 2962 “Nullane
294 2906 398 2976 perjuri
417 2906 515 2976 capitis
533 2906 692 2976 fraudisque
710 2906 844 2961 nefandae
957 2970 960 2975 ,

106 2983 198 3037 Poena
209 2984 292 3039 eritl”
316 2983 474 3052 Abreptum
484 2983 567 3037 crede
578 2983 650 3037 huuc
661 2984 786 3051 graviore
798 2986 895 3039 eatena
918 2999 955 3044 17⁵

97 3057 234 3110 Protinus
252 3063 283 3112 et
299 3063 395 3113 nostro
413 3058 494 3128 (quid
512 3058 573 3127 plus
593 3059 659 3114 velit
676 3059 745 3128 irat)
765 3060 855 3114 necari

78 3127 231 3192 Arbitrum·
249 3139 349 3189 manet
368 3135 417 3190 illa
437 3138 535 3191 tamen
553 3133 675 3205 jactura,
693 3151 887 3204 necunquam

61 3188 240 3257 Depositum
263 3208 320 3263 tibi
339 3228 443 3283 sospes
463 3213 529 3286 erit,
550 3213 604 3272 sed
623 3229 741 3286 corpore
759 3216 861 3270 trunco
