<?xml version="1.0" encoding="UTF-8"?>
<!DOCTYPE html PUBLIC "-//W3C//DTD XHTML 1.0 Transitional//EN"
    "http://www.w3.org/TR/xhtml1/DTD/xhtml1-transitional.dtd">
<html xmlns="http://www.w3.org/1999/xhtml" xml:lang="en" lang="en">
 <head>
  <title>
</title>
<meta http-equiv="Content-Type" content="text/html;charset=utf-8" />
  <meta name='ocr-system' content='tesseract 3.04.00' />
  <meta name='ocr-capabilities' content='ocr_page ocr_carea ocr_par ocr_line ocrx_word'/>
</head>
<body>
  <div class='ocr_page' id='page_1' title='image "./deciijuniijuven00persgoog_0093.png"; bbox 0 0 2040 3510; ppageno 0'>
   <div class='ocr_carea' id='block_1_1' title="bbox 105 173 721 224">
    <p class='ocr_par' dir='ltr' id='par_1_1' title="bbox 105 173 721 224">
     <span class='ocr_line' id='line_1_1' title="bbox 105 173 721 224; baseline 0.006 -4"><span class='ocrx_word' id='word_1_1' title='bbox 105 176 133 220; x_wconf 80' lang='lat' dir='ltr'><strong>si</strong></span> <span class='ocrx_word' id='word_1_2' title='bbox 338 173 369 220; x_wconf 92' lang='lat' dir='ltr'><strong>D.</strong></span> <span class='ocrx_word' id='word_1_3' title='bbox 388 173 495 222; x_wconf 83' lang='lat' dir='ltr'>JUNII</span> <span class='ocrx_word' id='word_1_4' title='bbox 511 174 530 222; x_wconf 87' lang='lat' dir='ltr'><strong>J</strong></span> <span class='ocrx_word' id='word_1_5' title='bbox 534 173 721 224; x_wconf 85' lang='lat' dir='ltr'>UVENALIS</span> 
     </span>
    </p>
   </div>
   <div class='ocr_carea' id='block_1_2' title="bbox 102 260 1011 2619">
    <p class='ocr_par' dir='ltr' id='par_1_2' title="bbox 104 260 761 331">
     <span class='ocr_line' id='line_1_2' title="bbox 104 260 761 331; baseline 0.006 -17"><span class='ocrx_word' id='word_1_6' title='bbox 104 260 239 315; x_wconf 82' lang='lat' dir='ltr'><strong>Continuo</strong></span> <span class='ocrx_word' id='word_1_7' title='bbox 257 261 390 331; x_wconf 91' lang='lat' dir='ltr'><strong>templum</strong></span> <span class='ocrx_word' id='word_1_8' title='bbox 407 267 437 318; x_wconf 86' lang='lat' dir='ltr'><strong>et</strong></span> <span class='ocrx_word' id='word_1_9' title='bbox 455 262 547 316; x_wconf 78' lang='lat' dir='ltr'><strong>violati</strong></span> <span class='ocrx_word' id='word_1_10' title='bbox 564 264 682 317; x_wconf 89' lang='lat' dir='ltr'><strong>numinis</strong></span> <span class='ocrx_word' id='word_1_11' title='bbox 700 280 761 318; x_wconf 80' lang='lat' dir='ltr'><strong>aras</strong></span> 
     </span>
    </p>

    <p class='ocr_par' dir='ltr' id='par_1_3' title="bbox 104 337 955 561">
     <span class='ocr_line' id='line_1_3' title="bbox 104 337 955 410; baseline 0.006 -21"><span class='ocrx_word' id='word_1_12' title='bbox 104 337 148 402; x_wconf 71' lang='lat' dir='ltr'><strong>Et</strong></span> <span class='ocrx_word' id='word_1_13' title='bbox 167 338 240 406; x_wconf 90' lang='lat' dir='ltr'><strong>quod</strong></span> <span class='ocrx_word' id='word_1_14' title='bbox 257 339 411 408; x_wconf 80' lang='lat' dir='ltr'><strong>praecipuis</strong></span> <span class='ocrx_word' id='word_1_15' title='bbox 429 343 550 393; x_wconf 88' lang='lat' dir='ltr'><strong>mentem</strong></span> <span class='ocrx_word' id='word_1_16' title='bbox 567 340 714 394; x_wconf 88' lang='lat' dir='ltr'><strong>sudoribus</strong></span> <span class='ocrx_word' id='word_1_17' title='bbox 730 343 820 410; x_wconf 82' lang='lat' dir='ltr'><strong>urget,</strong></span> <span class='ocrx_word' id='word_1_18' title='bbox 918 354 955 394; x_wconf 78' lang='lat' dir='ltr'><strong>mo</strong></span> 
     </span>
     <span class='ocr_line' id='line_1_4' title="bbox 105 413 832 485; baseline 0.008 -20"><span class='ocrx_word' id='word_1_19' title='bbox 105 413 142 466; x_wconf 81' lang='lat' dir='ltr'><strong>&#39;ie</strong></span> <span class='ocrx_word' id='word_1_20' title='bbox 160 413 236 466; x_wconf 85' lang='lat' dir='ltr'><strong>videt</strong></span> <span class='ocrx_word' id='word_1_21' title='bbox 253 413 281 466; x_wconf 94' lang='lat' dir='ltr'><strong>in</strong></span> <span class='ocrx_word' id='word_1_22' title='bbox 299 414 413 478; x_wconf 84' lang='lat' dir='ltr'><strong>somnis;</strong></span> <span class='ocrx_word' id='word_1_23' title='bbox 429 419 478 468; x_wconf 83' lang='lat' dir='ltr'><strong>tua</strong></span> <span class='ocrx_word' id='word_1_24' title='bbox 496 431 573 468; x_wconf 80' lang='lat' dir='ltr'><strong>secra</strong></span> <span class='ocrx_word' id='word_1_25' title='bbox 590 420 620 470; x_wconf 90' lang='lat' dir='ltr'><strong>et</strong></span> <span class='ocrx_word' id='word_1_26' title='bbox 637 417 726 485; x_wconf 82' lang='lat' dir='ltr'><strong>major</strong></span> <span class='ocrx_word' id='word_1_27' title='bbox 742 417 832 484; x_wconf 82' lang='lat' dir='ltr'><strong>imago</strong></span> 
     </span>
     <span class='ocr_line' id='line_1_5' title="bbox 105 489 742 561; baseline 0.006 -19"><span class='ocrx_word' id='word_1_28' title='bbox 105 489 233 543; x_wconf 83' lang='lat' dir='ltr'><strong>Humane</strong></span> <span class='ocrx_word' id='word_1_29' title='bbox 250 491 346 545; x_wconf 84' lang='lat' dir='ltr'><strong>turbet</strong></span> <span class='ocrx_word' id='word_1_30' title='bbox 363 490 492 559; x_wconf 82' lang='lat' dir='ltr'><strong>pavidum</strong></span> <span class='ocrx_word' id='word_1_31' title='bbox 510 492 637 561; x_wconf 77' lang='lat' dir='ltr'>cogitque</span> <span class='ocrx_word' id='word_1_32' title='bbox 655 492 742 546; x_wconf 84' lang='lat' dir='ltr'><strong>fetori.</strong></span> 
     </span>
    </p>

    <p class='ocr_par' dir='ltr' id='par_1_4' title="bbox 104 565 954 864">
     <span class='ocr_line' id='line_1_6' title="bbox 105 565 914 637; baseline 0.002 -19"><span class='ocrx_word' id='word_1_33' title='bbox 105 565 143 618; x_wconf 92' lang='lat' dir='ltr'><strong>Hi</strong></span> <span class='ocrx_word' id='word_1_34' title='bbox 162 568 226 619; x_wconf 85' lang='lat' dir='ltr'><strong>sunt</strong></span> <span class='ocrx_word' id='word_1_35' title='bbox 242 565 289 632; x_wconf 91' lang='lat' dir='ltr'><strong>qui</strong></span> <span class='ocrx_word' id='word_1_36' title='bbox 306 566 449 635; x_wconf 84' lang='lat' dir='ltr'><strong>trepidant</strong></span> <span class='ocrx_word' id='word_1_37' title='bbox 468 570 498 620; x_wconf 89' lang='lat' dir='ltr'><strong>et</strong></span> <span class='ocrx_word' id='word_1_38' title='bbox 515 567 552 621; x_wconf 82' lang='lat' dir='ltr'><strong>ad</strong></span> <span class='ocrx_word' id='word_1_39' title='bbox 569 569 660 622; x_wconf 80' lang='lat' dir='ltr'><strong>omnia</strong></span> <span class='ocrx_word' id='word_1_40' title='bbox 676 568 787 636; x_wconf 77' lang='lat' dir='ltr'>fulgura</span> <span class='ocrx_word' id='word_1_41' title='bbox 803 569 914 637; x_wconf 84' lang='lat' dir='ltr'><strong>pollent,</strong></span> 
     </span>
     <span class='ocr_line' id='line_1_7' title="bbox 105 641 936 713; baseline 0.005 -19"><span class='ocrx_word' id='word_1_42' title='bbox 105 641 194 706; x_wconf 85' lang='lat' dir='ltr'><strong>Quum</strong></span> <span class='ocrx_word' id='word_1_43' title='bbox 211 645 290 695; x_wconf 85' lang='lat' dir='ltr'><strong>tonat</strong></span> <span class='ocrx_word' id='word_1_44' title='bbox 307 641 446 696; x_wconf 76' lang='lat' dir='ltr'><strong>exanimes</strong></span> <span class='ocrx_word' id='word_1_45' title='bbox 463 643 551 711; x_wconf 91' lang='lat' dir='ltr'><strong>primo</strong></span> <span class='ocrx_word' id='word_1_46' title='bbox 569 660 679 713; x_wconf 89' lang='lat' dir='ltr'><strong>quoque</strong></span> <span class='ocrx_word' id='word_1_47' title='bbox 696 660 835 698; x_wconf 89' lang='lat' dir='ltr'><strong>murmure</strong></span> <span class='ocrx_word' id='word_1_48' title='bbox 852 643 936 708; x_wconf 82' lang='lat' dir='ltr'><strong>caeli3</strong></span> 
     </span>
     <span class='ocr_line' id='line_1_8' title="bbox 104 717 954 786; baseline 0.004 -16"><span class='ocrx_word' id='word_1_49' title='bbox 104 717 166 770; x_wconf 90' lang='lat' dir='ltr'><strong>Non</strong></span> <span class='ocrx_word' id='word_1_50' title='bbox 184 718 261 786; x_wconf 86' lang='lat' dir='ltr'><strong>quasi</strong></span> <span class='ocrx_word' id='word_1_51' title='bbox 276 718 405 772; x_wconf 83' lang='lat' dir='ltr'><strong>fortuitus</strong></span> <span class='ocrx_word' id='word_1_52' title='bbox 422 734 474 773; x_wconf 87' lang='lat' dir='ltr'><strong>nec</strong></span> <span class='ocrx_word' id='word_1_53' title='bbox 491 724 635 775; x_wconf 82' lang='lat' dir='ltr'><strong>ventorum</strong></span> <span class='ocrx_word' id='word_1_54' title='bbox 653 720 729 775; x_wconf 82' lang='lat' dir='ltr'><strong>rabie</strong></span> <span class='ocrx_word' id='word_1_55' title='bbox 747 719 797 774; x_wconf 87' lang='lat' dir='ltr'><strong>sed</strong></span> <span class='ocrx_word' id='word_1_56' title='bbox 917 734 954 773; x_wconf 76' lang='lat' dir='ltr'><strong>ree</strong></span> 
     </span>
     <span class='ocr_line' id='line_1_9' title="bbox 105 793 710 864; baseline 0.005 -17"><span class='ocrx_word' id='word_1_57' title='bbox 105 793 197 848; x_wconf 76' lang='lat' dir='ltr'><strong>Iratus</strong></span> <span class='ocrx_word' id='word_1_58' title='bbox 215 793 296 847; x_wconf 83' lang='lat' dir='ltr'><strong>cadat</strong></span> <span class='ocrx_word' id='word_1_59' title='bbox 312 794 340 846; x_wconf 91' lang='lat' dir='ltr'><strong>iu</strong></span> <span class='ocrx_word' id='word_1_60' title='bbox 359 796 448 848; x_wconf 87' lang='lat' dir='ltr'><strong>terres</strong></span> <span class='ocrx_word' id='word_1_61' title='bbox 466 798 495 849; x_wconf 89' lang='lat' dir='ltr'><strong>et</strong></span> <span class='ocrx_word' id='word_1_62' title='bbox 509 795 618 864; x_wconf 87' lang='lat' dir='ltr'><strong>judicet</strong></span> <span class='ocrx_word' id='word_1_63' title='bbox 634 797 710 864; x_wconf 77' lang='lat' dir='ltr'><strong>ignis</strong></span> 
     </span>
    </p>

    <p class='ocr_par' dir='ltr' id='par_1_5' title="bbox 105 870 718 940">
     <span class='ocr_line' id='line_1_10' title="bbox 105 870 718 940; baseline 0.005 -16"><span class='ocrx_word' id='word_1_64' title='bbox 105 871 156 925; x_wconf 83' lang='lat' dir='ltr'><strong>Ilia</strong></span> <span class='ocrx_word' id='word_1_65' title='bbox 174 870 241 924; x_wconf 89' lang='lat' dir='ltr'><strong>nihil</strong></span> <span class='ocrx_word' id='word_1_66' title='bbox 258 871 359 937; x_wconf 82' lang='lat' dir='ltr'>nocuit,</span> <span class='ocrx_word' id='word_1_67' title='bbox 378 887 444 925; x_wconf 82' lang='lat' dir='ltr'><strong>cura</strong></span> <span class='ocrx_word' id='word_1_68' title='bbox 462 871 586 940; x_wconf 80' lang='lat' dir='ltr'><strong>graviore</strong></span> <span class='ocrx_word' id='word_1_69' title='bbox 603 873 718 927; x_wconf 85' lang='lat' dir='ltr'><strong>timetur</strong></span> 
     </span>
    </p>

    <p class='ocr_par' dir='ltr' id='par_1_6' title="bbox 105 947 792 1093">
     <span class='ocr_line' id='line_1_11' title="bbox 105 947 792 1016; baseline 0.003 -16"><span class='ocrx_word' id='word_1_70' title='bbox 105 948 231 1001; x_wconf 78' lang='lat' dir='ltr'><strong>Proxime</strong></span> <span class='ocrx_word' id='word_1_71' title='bbox 249 951 405 1016; x_wconf 81' lang='lat' dir='ltr'><strong>tempestas,</strong></span> <span class='ocrx_word' id='word_1_72' title='bbox 423 948 499 1002; x_wconf 80' lang='lat' dir='ltr'><strong>velut</strong></span> <span class='ocrx_word' id='word_1_73' title='bbox 516 947 568 1003; x_wconf 93' lang='lat' dir='ltr'><strong>hoc</strong></span> <span class='ocrx_word' id='word_1_74' title='bbox 586 949 672 1003; x_wconf 82' lang='lat' dir='ltr'><strong>dilate</strong></span> <span class='ocrx_word' id='word_1_75' title='bbox 689 965 792 1003; x_wconf 85' lang='lat' dir='ltr'><strong>sereno.</strong></span> 
     </span>
     <span class='ocr_line' id='line_1_12' title="bbox 105 1023 769 1093; baseline 0 -15"><span class='ocrx_word' id='word_1_76' title='bbox 105 1024 252 1078; x_wconf 78' lang='lat' dir='ltr'><strong>Praetereo</strong></span> <span class='ocrx_word' id='word_1_77' title='bbox 268 1023 361 1077; x_wconf 84' lang='lat' dir='ltr'><strong>luteris</strong></span> <span class='ocrx_word' id='word_1_78' title='bbox 379 1025 454 1093; x_wconf 78' lang='lat' dir='ltr'><strong>vigili</strong></span> <span class='ocrx_word' id='word_1_79' title='bbox 472 1042 534 1079; x_wconf 91' lang='lat' dir='ltr'><strong>cum</strong></span> <span class='ocrx_word' id='word_1_80' title='bbox 552 1024 630 1079; x_wconf 84' lang='lat' dir='ltr'><strong>febre</strong></span> <span class='ocrx_word' id='word_1_81' title='bbox 648 1025 769 1079; x_wconf 88' lang='lat' dir='ltr'><strong>dolorem</strong></span> 
     </span>
    </p>

    <p class='ocr_par' dir='ltr' id='par_1_7' title="bbox 104 1100 953 1242">
     <span class='ocr_line' id='line_1_13' title="bbox 104 1100 953 1170; baseline 0.001 -15"><span class='ocrx_word' id='word_1_82' title='bbox 104 1101 133 1155; x_wconf 90' lang='lat' dir='ltr'><strong>Si</strong></span> <span class='ocrx_word' id='word_1_83' title='bbox 151 1117 265 1169; x_wconf 88' lang='lat' dir='ltr'><strong>coepere</strong></span> <span class='ocrx_word' id='word_1_84' title='bbox 282 1101 349 1168; x_wconf 84' lang='lat' dir='ltr'><strong>pati,</strong></span> <span class='ocrx_word' id='word_1_85' title='bbox 368 1101 481 1154; x_wconf 88' lang='lat' dir='ltr'><strong>missum</strong></span> <span class='ocrx_word' id='word_1_86' title='bbox 498 1101 535 1155; x_wconf 83' lang='lat' dir='ltr'><strong>od</strong></span> <span class='ocrx_word' id='word_1_87' title='bbox 552 1119 602 1156; x_wconf 84' lang='lat' dir='ltr'><strong>sus</strong></span> <span class='ocrx_word' id='word_1_88' title='bbox 619 1118 731 1170; x_wconf 84' lang='lat' dir='ltr'><strong>corpore</strong></span> <span class='ocrx_word' id='word_1_89' title='bbox 749 1100 874 1155; x_wconf 88' lang='lat' dir='ltr'><strong>morbum</strong></span> <span class='ocrx_word' id='word_1_90' title='bbox 916 1116 953 1156; x_wconf 79' lang='lat' dir='ltr'><strong>rso</strong></span> 
     </span>
     <span class='ocr_line' id='line_1_14' title="bbox 104 1176 729 1242; baseline 0.003 -13"><span class='ocrx_word' id='word_1_91' title='bbox 104 1177 208 1230; x_wconf 79' lang='lat' dir='ltr'><strong>Infesto</strong></span> <span class='ocrx_word' id='word_1_92' title='bbox 226 1176 342 1230; x_wconf 90' lang='lat' dir='ltr'><strong>credunt</strong></span> <span class='ocrx_word' id='word_1_93' title='bbox 359 1193 376 1230; x_wconf 85' lang='lat' dir='ltr'><strong>e</strong></span> <span class='ocrx_word' id='word_1_94' title='bbox 393 1177 516 1242; x_wconf 90' lang='lat' dir='ltr'><strong>numine;</strong></span> <span class='ocrx_word' id='word_1_95' title='bbox 534 1195 599 1231; x_wconf 82' lang='lat' dir='ltr'><strong>sexa</strong></span> <span class='ocrx_word' id='word_1_96' title='bbox 617 1178 729 1231; x_wconf 88' lang='lat' dir='ltr'><strong>deorum</strong></span> 
     </span>
    </p>

    <p class='ocr_par' dir='ltr' id='par_1_8' title="bbox 103 1252 872 1399">
     <span class='ocr_line' id='line_1_15' title="bbox 104 1252 872 1323; baseline 0.004 -18"><span class='ocrx_word' id='word_1_97' title='bbox 104 1253 181 1306; x_wconf 80' lang='lat' dir='ltr'><strong>Haec</strong></span> <span class='ocrx_word' id='word_1_98' title='bbox 199 1257 228 1306; x_wconf 88' lang='lat' dir='ltr'><strong>et</strong></span> <span class='ocrx_word' id='word_1_99' title='bbox 246 1252 302 1306; x_wconf 79' lang='lat' dir='ltr'><strong>telo</strong></span> <span class='ocrx_word' id='word_1_100' title='bbox 320 1257 427 1320; x_wconf 79' lang='lat' dir='ltr'><strong>putant.</strong></span> <span class='ocrx_word' id='word_1_101' title='bbox 467 1253 604 1307; x_wconf 88' lang='lat' dir='ltr'><strong>Pecudem</strong></span> <span class='ocrx_word' id='word_1_102' title='bbox 622 1253 757 1323; x_wconf 88' lang='lat' dir='ltr'><strong>spondere</strong></span> <span class='ocrx_word' id='word_1_103' title='bbox 775 1254 872 1308; x_wconf 78' lang='lat' dir='ltr'><strong>sacello</strong></span> 
     </span>
     <span class='ocr_line' id='line_1_16' title="bbox 103 1328 821 1399; baseline 0 -17"><span class='ocrx_word' id='word_1_104' title='bbox 103 1329 247 1383; x_wconf 85' lang='lat' dir='ltr'><strong>Balantem</strong></span> <span class='ocrx_word' id='word_1_105' title='bbox 265 1332 295 1383; x_wconf 91' lang='lat' dir='ltr'><strong>et</strong></span> <span class='ocrx_word' id='word_1_106' title='bbox 314 1328 428 1384; x_wconf 80' lang='lat' dir='ltr'>Laribus</span> <span class='ocrx_word' id='word_1_107' title='bbox 446 1331 558 1384; x_wconf 82' lang='lat' dir='ltr'><strong>cristam</strong></span> <span class='ocrx_word' id='word_1_108' title='bbox 575 1329 738 1399; x_wconf 81' lang='lat' dir='ltr'><strong>promittere</strong></span> <span class='ocrx_word' id='word_1_109' title='bbox 755 1330 821 1397; x_wconf 80' lang='lat' dir='ltr'><strong>gelli</strong></span> 
     </span>
    </p>

    <p class='ocr_par' dir='ltr' id='par_1_9' title="bbox 103 1404 974 1613">
     <span class='ocr_line' id='line_1_17' title="bbox 103 1404 974 1475; baseline 0.001 -17"><span class='ocrx_word' id='word_1_110' title='bbox 103 1405 128 1458; x_wconf 91' lang='lat' dir='ltr'>N</span> <span class='ocrx_word' id='word_1_111' title='bbox 130 1422 166 1459; x_wconf 93' lang='lat' dir='ltr'><strong>on</strong></span> <span class='ocrx_word' id='word_1_112' title='bbox 184 1404 301 1470; x_wconf 75' lang='lat' dir='ltr'><strong>audent3</strong></span> <span class='ocrx_word' id='word_1_113' title='bbox 318 1404 385 1473; x_wconf 92' lang='lat' dir='ltr'><strong>quid</strong></span> <span class='ocrx_word' id='word_1_114' title='bbox 402 1406 475 1460; x_wconf 88' lang='lat' dir='ltr'><strong>enim</strong></span> <span class='ocrx_word' id='word_1_115' title='bbox 493 1423 602 1475; x_wconf 82' lang='lat' dir='ltr'><strong>sperare</strong></span> <span class='ocrx_word' id='word_1_116' title='bbox 619 1405 780 1460; x_wconf 74' lang='lat' dir='ltr'><strong>nocentibus</strong></span> <span class='ocrx_word' id='word_1_117' title='bbox 797 1407 885 1474; x_wconf 78' lang='lat' dir='ltr'><strong>aegris</strong></span> <span class='ocrx_word' id='word_1_118' title='bbox 972 1422 974 1427; x_wconf 91' lang='lat'><em>·</em></span> 
     </span>
     <span class='ocr_line' id='line_1_18' title="bbox 103 1481 952 1551; baseline -0.001 -14"><span class='ocrx_word' id='word_1_119' title='bbox 103 1483 283 1538; x_wconf 65' lang='lat' dir='ltr'><strong>Concessum?</strong></span> <span class='ocrx_word' id='word_1_120' title='bbox 301 1482 343 1535; x_wconf 84' lang='lat' dir='ltr'><strong>vei</strong></span> <span class='ocrx_word' id='word_1_121' title='bbox 361 1499 432 1551; x_wconf 80' lang='lat' dir='ltr'><strong>quae</strong></span> <span class='ocrx_word' id='word_1_122' title='bbox 450 1499 504 1536; x_wconf 92' lang='lat' dir='ltr'><strong>non</strong></span> <span class='ocrx_word' id='word_1_123' title='bbox 523 1483 630 1551; x_wconf 79' lang='lat' dir='ltr'><strong>dignior</strong></span> <span class='ocrx_word' id='word_1_124' title='bbox 648 1481 737 1536; x_wconf 84' lang='lat' dir='ltr'><strong>hostia</strong></span> <span class='ocrx_word' id='word_1_125' title='bbox 754 1483 827 1537; x_wconf 74' lang='lat' dir='ltr'><strong>vito?</strong></span> <span class='ocrx_word' id='word_1_126' title='bbox 916 1497 952 1536; x_wconf 73' lang='lat' dir='ltr'><strong>mo</strong></span> 
     </span>
     <span class='ocr_line' id='line_1_19' title="bbox 103 1557 792 1613; baseline 0 -1"><span class='ocrx_word' id='word_1_127' title='bbox 103 1559 212 1612; x_wconf 84' lang='lat' dir='ltr'><strong>Mobilis</strong></span> <span class='ocrx_word' id='word_1_128' title='bbox 229 1565 258 1612; x_wconf 88' lang='lat' dir='ltr'><strong>et</strong></span> <span class='ocrx_word' id='word_1_129' title='bbox 276 1557 351 1612; x_wconf 78' lang='lat' dir='ltr'><strong>veria</strong></span> <span class='ocrx_word' id='word_1_130' title='bbox 368 1562 411 1611; x_wconf 89' lang='lat' dir='ltr'><strong>est</strong></span> <span class='ocrx_word' id='word_1_131' title='bbox 428 1559 515 1612; x_wconf 84' lang='lat' dir='ltr'><strong>ferme</strong></span> <span class='ocrx_word' id='word_1_132' title='bbox 531 1562 631 1613; x_wconf 82' lang='lat' dir='ltr'><strong>natura</strong></span> <span class='ocrx_word' id='word_1_133' title='bbox 648 1558 792 1612; x_wconf 78' lang='lat' dir='ltr'><strong>malorum:</strong></span> 
     </span>
    </p>

    <p class='ocr_par' dir='ltr' id='par_1_10' title="bbox 103 1632 951 2009">
     <span class='ocr_line' id='line_1_20' title="bbox 103 1632 936 1705; baseline 0 -17"><span class='ocrx_word' id='word_1_134' title='bbox 103 1636 192 1702; x_wconf 84' lang='lat' dir='ltr'><strong>Quum</strong></span> <span class='ocrx_word' id='word_1_135' title='bbox 211 1635 298 1688; x_wconf 89' lang='lat' dir='ltr'><strong>scelus</strong></span> <span class='ocrx_word' id='word_1_136' title='bbox 316 1632 467 1689; x_wconf 80' lang='lat' dir='ltr'><strong>admittunt</strong></span> <span class='ocrx_word' id='word_1_137' title='bbox 484 1640 610 1705; x_wconf 87' lang='lat' dir='ltr'><strong>superest</strong></span> <span class='ocrx_word' id='word_1_138' title='bbox 627 1636 793 1699; x_wconf 59' lang='lat' dir='ltr'><strong>constantim</strong></span> <span class='ocrx_word' id='word_1_139' title='bbox 811 1635 878 1702; x_wconf 91' lang='lat' dir='ltr'><strong>quid</strong></span> <span class='ocrx_word' id='word_1_140' title='bbox 895 1635 936 1688; x_wconf 82' lang='lat' dir='ltr'><strong>fos</strong></span> 
     </span>
     <span class='ocr_line' id='line_1_21' title="bbox 104 1710 824 1780; baseline -0.003 -14"><span class='ocrx_word' id='word_1_141' title='bbox 104 1715 196 1780; x_wconf 81' lang='lat' dir='ltr'><strong>Atque</strong></span> <span class='ocrx_word' id='word_1_142' title='bbox 214 1711 290 1764; x_wconf 78' lang='lat' dir='ltr'><strong>nefas</strong></span> <span class='ocrx_word' id='word_1_143' title='bbox 308 1710 421 1764; x_wconf 82' lang='lat' dir='ltr'><strong>tandem</strong></span> <span class='ocrx_word' id='word_1_144' title='bbox 438 1712 571 1779; x_wconf 91' lang='lat' dir='ltr'><strong>incipiunt</strong></span> <span class='ocrx_word' id='word_1_145' title='bbox 588 1712 689 1766; x_wconf 87' lang='lat' dir='ltr'><strong>sentire</strong></span> <span class='ocrx_word' id='word_1_146' title='bbox 706 1712 824 1780; x_wconf 84' lang='lat' dir='ltr'><strong>peractis</strong></span> 
     </span>
     <span class='ocr_line' id='line_1_22' title="bbox 103 1787 823 1844; baseline -0.001 -1"><span class='ocrx_word' id='word_1_147' title='bbox 103 1789 273 1844; x_wconf 84' lang='lat' dir='ltr'><strong>Criminibus.</strong></span> <span class='ocrx_word' id='word_1_148' title='bbox 311 1787 413 1840; x_wconf 83' lang='lat' dir='ltr'><strong>&#39;samen</strong></span> <span class='ocrx_word' id='word_1_149' title='bbox 430 1787 467 1841; x_wconf 83' lang='lat' dir='ltr'><strong>ad</strong></span> <span class='ocrx_word' id='word_1_150' title='bbox 484 1804 573 1841; x_wconf 87' lang='lat' dir='ltr'><strong>mores</strong></span> <span class='ocrx_word' id='word_1_151' title='bbox 591 1791 689 1842; x_wconf 82' lang='lat' dir='ltr'><strong>nature</strong></span> <span class='ocrx_word' id='word_1_152' title='bbox 707 1788 823 1842; x_wconf 80' lang='lat' dir='ltr'><strong>recurrit</strong></span> 
     </span>
     <span class='ocr_line' id='line_1_23' title="bbox 103 1863 951 1932; baseline -0.004 -12"><span class='ocrx_word' id='word_1_153' title='bbox 103 1866 259 1932; x_wconf 73' lang='lat' dir='ltr'><strong>Damastor,</strong></span> <span class='ocrx_word' id='word_1_154' title='bbox 278 1863 333 1916; x_wconf 84' lang='lat' dir='ltr'><strong>fixe</strong></span> <span class='ocrx_word' id='word_1_155' title='bbox 351 1866 380 1916; x_wconf 91' lang='lat' dir='ltr'><strong>et</strong></span> <span class='ocrx_word' id='word_1_156' title='bbox 396 1865 497 1917; x_wconf 81' lang='lat' dir='ltr'><strong>mutari</strong></span> <span class='ocrx_word' id='word_1_157' title='bbox 515 1865 620 1918; x_wconf 84' lang='lat' dir='ltr'><strong>nescia:</strong></span> <span class='ocrx_word' id='word_1_158' title='bbox 638 1881 701 1917; x_wconf 85' lang='lat' dir='ltr'><strong>usm</strong></span> <span class='ocrx_word' id='word_1_159' title='bbox 721 1865 781 1932; x_wconf 86' lang='lat' dir='ltr'><strong>quis</strong></span> <span class='ocrx_word' id='word_1_160' title='bbox 915 1879 951 1917; x_wconf 72' lang='lat' dir='ltr'><strong>rso</strong></span> 
     </span>
     <span class='ocr_line' id='line_1_24' title="bbox 104 1939 779 2009; baseline -0.006 -13"><span class='ocrx_word' id='word_1_161' title='bbox 104 1941 236 1996; x_wconf 81' lang='lat' dir='ltr'><strong>Peccandi</strong></span> <span class='ocrx_word' id='word_1_162' title='bbox 255 1940 337 1994; x_wconf 87' lang='lat' dir='ltr'><strong>finem</strong></span> <span class='ocrx_word' id='word_1_163' title='bbox 355 1941 446 2009; x_wconf 88' lang='lat' dir='ltr'><strong>posuit</strong></span> <span class='ocrx_word' id='word_1_164' title='bbox 464 1940 532 1994; x_wconf 71' lang='lat' dir='ltr'><strong>sibit</strong></span> <span class='ocrx_word' id='word_1_165' title='bbox 550 1939 658 2008; x_wconf 82' lang='lat' dir='ltr'><strong>quando</strong></span> <span class='ocrx_word' id='word_1_166' title='bbox 676 1941 779 2008; x_wconf 88' lang='lat' dir='ltr'><strong>recepit</strong></span> 
     </span>
    </p>

    <p class='ocr_par' dir='ltr' id='par_1_11' title="bbox 104 2016 770 2087">
     <span class='ocr_line' id='line_1_25' title="bbox 104 2016 770 2087; baseline -0.002 -16"><span class='ocrx_word' id='word_1_167' title='bbox 104 2019 229 2087; x_wconf 79' lang='lat' dir='ltr'><strong>Ejectum</strong></span> <span class='ocrx_word' id='word_1_168' title='bbox 247 2017 330 2071; x_wconf 88' lang='lat' dir='ltr'><strong>semel</strong></span> <span class='ocrx_word' id='word_1_169' title='bbox 348 2017 445 2070; x_wconf 79' lang='lat' dir='ltr'><strong>attrita</strong></span> <span class='ocrx_word' id='word_1_170' title='bbox 463 2016 498 2070; x_wconf 89' lang='lat' dir='ltr'><strong>de</strong></span> <span class='ocrx_word' id='word_1_171' title='bbox 515 2016 607 2069; x_wconf 81' lang='lat' dir='ltr'><strong>fronte</strong></span> <span class='ocrx_word' id='word_1_172' title='bbox 624 2017 770 2070; x_wconf 71' lang='lat' dir='ltr'><strong>ruborem?</strong></span> 
     </span>
    </p>

    <p class='ocr_par' dir='ltr' id='par_1_12' title="bbox 103 2092 951 2238">
     <span class='ocr_line' id='line_1_26' title="bbox 103 2092 951 2160; baseline -0.002 -13"><span class='ocrx_word' id='word_1_173' title='bbox 103 2095 231 2160; x_wconf 83' lang='lat' dir='ltr'><strong>Quisnam</strong></span> <span class='ocrx_word' id='word_1_174' title='bbox 249 2093 387 2146; x_wconf 92' lang='lat' dir='ltr'><strong>hominum</strong></span> <span class='ocrx_word' id='word_1_175' title='bbox 405 2096 448 2146; x_wconf 90' lang='lat' dir='ltr'><strong>est</strong></span> <span class='ocrx_word' id='word_1_176' title='bbox 465 2108 547 2159; x_wconf 89' lang='lat' dir='ltr'><strong>quem</strong></span> <span class='ocrx_word' id='word_1_177' title='bbox 566 2095 598 2144; x_wconf 86' lang='lat' dir='ltr'><strong>tu</strong></span> <span class='ocrx_word' id='word_1_178' title='bbox 615 2095 772 2146; x_wconf 89' lang='lat' dir='ltr'><strong>contentum</strong></span> <span class='ocrx_word' id='word_1_179' title='bbox 784 2092 885 2147; x_wconf 84' lang='lat' dir='ltr'><strong>videris</strong></span> <span class='ocrx_word' id='word_1_180' title='bbox 897 2108 951 2146; x_wconf 89' lang='lat' dir='ltr'><strong>uno</strong></span> 
     </span>
     <span class='ocr_line' id='line_1_27' title="bbox 104 2168 792 2238; baseline -0.001 -14"><span class='ocrx_word' id='word_1_181' title='bbox 104 2170 237 2238; x_wconf 77' lang='lat' dir='ltr'><strong>Flagitioi</strong></span> <span class='ocrx_word' id='word_1_182' title='bbox 273 2168 405 2222; x_wconf 78' lang='lat' dir='ltr'><strong>Debitio</strong></span> <span class='ocrx_word' id='word_1_183' title='bbox 422 2168 550 2236; x_wconf 85' lang='lat' dir='ltr'><strong>laqueum</strong></span> <span class='ocrx_word' id='word_1_184' title='bbox 567 2168 682 2236; x_wconf 81' lang='lat' dir='ltr'><strong>vestigia</strong></span> <span class='ocrx_word' id='word_1_185' title='bbox 699 2175 792 2223; x_wconf 84' lang='lat' dir='ltr'><strong>noster</strong></span> 
     </span>
    </p>

    <p class='ocr_par' dir='ltr' id='par_1_13' title="bbox 103 2244 1011 2542">
     <span class='ocr_line' id='line_1_28' title="bbox 104 2244 1011 2314; baseline -0.002 -13"><span class='ocrx_word' id='word_1_186' title='bbox 104 2247 235 2312; x_wconf 89' lang='lat' dir='ltr'><strong>Perfidus,</strong></span> <span class='ocrx_word' id='word_1_187' title='bbox 252 2250 281 2299; x_wconf 92' lang='lat' dir='ltr'><strong>et</strong></span> <span class='ocrx_word' id='word_1_188' title='bbox 298 2245 369 2313; x_wconf 83' lang='lat' dir='ltr'><strong>nigri</strong></span> <span class='ocrx_word' id='word_1_189' title='bbox 386 2245 507 2314; x_wconf 79' lang='lat' dir='ltr'><strong>potietur·</strong></span> <span class='ocrx_word' id='word_1_190' title='bbox 525 2244 642 2297; x_wconf 85' lang='lat' dir='ltr'><strong>carceris</strong></span> <span class='ocrx_word' id='word_1_191' title='bbox 659 2260 767 2312; x_wconf 89' lang='lat' dir='ltr'><strong>uncum,</strong></span> <span class='ocrx_word' id='word_1_192' title='bbox 915 2260 950 2299; x_wconf 73' lang='lat' dir='ltr'><strong>ms</strong></span> <span class='ocrx_word' id='word_1_193' title='bbox 1008 2283 1011 2287; x_wconf 91' lang='lat'>-</span> 
     </span>
     <span class='ocr_line' id='line_1_29' title="bbox 104 2321 870 2391; baseline 0 -13"><span class='ocrx_word' id='word_1_194' title='bbox 104 2328 163 2379; x_wconf 88' lang='lat' dir='ltr'><strong>Aut</strong></span> <span class='ocrx_word' id='word_1_195' title='bbox 180 2323 261 2376; x_wconf 83' lang='lat' dir='ltr'><strong>moris</strong></span> <span class='ocrx_word' id='word_1_196' title='bbox 280 2321 384 2390; x_wconf 74' lang='lat' dir='ltr'><strong>Aegaei</strong></span> <span class='ocrx_word' id='word_1_197' title='bbox 401 2337 498 2391; x_wconf 91' lang='lat' dir='ltr'><strong>rupem</strong></span> <span class='ocrx_word' id='word_1_198' title='bbox 516 2321 695 2390; x_wconf 87' lang='lat' dir='ltr'><strong>scopulosque</strong></span> <span class='ocrx_word' id='word_1_199' title='bbox 712 2321 870 2391; x_wconf 85' lang='lat' dir='ltr'><strong>frequentes</strong></span> 
     </span>
     <span class='ocr_line' id='line_1_30' title="bbox 103 2396 768 2466; baseline -0.002 -13"><span class='ocrx_word' id='word_1_200' title='bbox 103 2399 249 2454; x_wconf 79' lang='lat' dir='ltr'><strong>Exsulibus</strong></span> <span class='ocrx_word' id='word_1_201' title='bbox 266 2399 378 2466; x_wconf 84' lang='lat' dir='ltr'><strong>magnis.</strong></span> <span class='ocrx_word' id='word_1_202' title='bbox 416 2398 507 2451; x_wconf 81' lang='lat' dir='ltr'><strong>Poena</strong></span> <span class='ocrx_word' id='word_1_203' title='bbox 524 2396 656 2464; x_wconf 72' lang='lat' dir='ltr'><strong>gaudebis</strong></span> <span class='ocrx_word' id='word_1_204' title='bbox 674 2413 768 2452; x_wconf 78' lang='lat' dir='ltr'><strong>amoro</strong></span> 
     </span>
     <span class='ocr_line' id='line_1_31' title="bbox 103 2473 759 2542; baseline 0.002 -14"><span class='ocrx_word' id='word_1_205' title='bbox 103 2476 226 2529; x_wconf 86' lang='lat' dir='ltr'><strong>Nominis</strong></span> <span class='ocrx_word' id='word_1_206' title='bbox 243 2474 330 2539; x_wconf 83' lang='lat' dir='ltr'><strong>invisi,</strong></span> <span class='ocrx_word' id='word_1_207' title='bbox 347 2474 514 2542; x_wconf 81' lang='lat' dir='ltr'><strong>tandemque</strong></span> <span class='ocrx_word' id='word_1_208' title='bbox 531 2473 654 2527; x_wconf 83' lang='lat' dir='ltr'><strong>fatebere</strong></span> <span class='ocrx_word' id='word_1_209' title='bbox 671 2474 759 2529; x_wconf 82' lang='lat' dir='ltr'><strong>iectus</strong></span> 
     </span>
    </p>

    <p class='ocr_par' dir='ltr' id='par_1_14' title="bbox 102 2551 893 2619">
     <span class='ocr_line' id='line_1_32' title="bbox 102 2551 893 2619; baseline 0 -13"><span class='ocrx_word' id='word_1_210' title='bbox 102 2553 128 2606; x_wconf 88' lang='lat' dir='ltr'>N</span> <span class='ocrx_word' id='word_1_211' title='bbox 130 2569 160 2606; x_wconf 87' lang='lat' dir='ltr'><strong>ec</strong></span> <span class='ocrx_word' id='word_1_212' title='bbox 177 2551 289 2606; x_wconf 89' lang='lat' dir='ltr'><strong>surdum</strong></span> <span class='ocrx_word' id='word_1_213' title='bbox 306 2567 357 2605; x_wconf 88' lang='lat' dir='ltr'><strong>nec</strong></span> <span class='ocrx_word' id='word_1_214' title='bbox 376 2551 506 2604; x_wconf 85' lang='lat' dir='ltr'><strong>Tiresiam</strong></span> <span class='ocrx_word' id='word_1_215' title='bbox 524 2566 679 2619; x_wconf 81' lang='lat' dir='ltr'><strong>quenquam</strong></span> <span class='ocrx_word' id='word_1_216' title='bbox 696 2568 756 2607; x_wconf 89' lang='lat' dir='ltr'><strong>esse</strong></span> <span class='ocrx_word' id='word_1_217' title='bbox 773 2551 893 2606; x_wconf 90' lang='lat' dir='ltr'><strong>deorum</strong></span> 
     </span>
    </p>
   </div>
   <div class='ocr_carea' id='block_1_3' title="bbox 410 2881 651 2938">
    <p class='ocr_par' dir='ltr' id='par_1_15' title="bbox 410 2881 651 2938">
     <span class='ocr_line' id='line_1_33' title="bbox 410 2881 651 2938; baseline -0.008 0"><span class='ocrx_word' id='word_1_218' title='bbox 410 2883 553 2938; x_wconf 80' lang='lat' dir='ltr'><strong>SATIRA</strong></span> <span class='ocrx_word' id='word_1_219' title='bbox 572 2881 651 2936; x_wconf 88' lang='lat' dir='ltr'>XIV.</span> 
     </span>
    </p>
   </div>
   <div class='ocr_carea' id='block_1_4' title="bbox 87 3001 832 3149">
    <p class='ocr_par' dir='ltr' id='par_1_16' title="bbox 87 3001 832 3149">
     <span class='ocr_line' id='line_1_34' title="bbox 103 3001 832 3074; baseline -0.003 -14"><span class='ocrx_word' id='word_1_220' title='bbox 103 3007 238 3061; x_wconf 75' lang='lat' dir='ltr'><strong>Pnurrruu</strong></span> <span class='ocrx_word' id='word_1_221' title='bbox 256 3009 326 3074; x_wconf 85' lang='lat' dir='ltr'><strong>sunt,</strong></span> <span class='ocrx_word' id='word_1_222' title='bbox 346 3006 468 3069; x_wconf 83' lang='lat' dir='ltr'><strong>Fuscine,</strong></span> <span class='ocrx_word' id='word_1_223' title='bbox 487 3009 517 3061; x_wconf 88' lang='lat' dir='ltr'><strong>et</strong></span> <span class='ocrx_word' id='word_1_224' title='bbox 533 3005 606 3059; x_wconf 83' lang='lat' dir='ltr'><strong>foma</strong></span> <span class='ocrx_word' id='word_1_225' title='bbox 622 3003 706 3072; x_wconf 79' lang='lat' dir='ltr'><strong>digne</strong></span> <span class='ocrx_word' id='word_1_226' title='bbox 722 3001 832 3058; x_wconf 83' lang='lat' dir='ltr'><strong>sinistra</strong></span> 
     </span>
     <span class='ocr_line' id='line_1_35' title="bbox 87 3079 799 3149; baseline 0.006 -21"><span class='ocrx_word' id='word_1_227' title='bbox 87 3080 130 3128; x_wconf 73' lang='lat' dir='ltr'><strong>Et</strong></span> <span class='ocrx_word' id='word_1_228' title='bbox 142 3083 245 3134; x_wconf 70' lang='lat' dir='ltr'><strong>nitidis</strong></span> <span class='ocrx_word' id='word_1_229' title='bbox 259 3083 397 3137; x_wconf 80' lang='lat' dir='ltr'><strong>mecuiom</strong></span> <span class='ocrx_word' id='word_1_230' title='bbox 417 3081 561 3137; x_wconf 79' lang='lat' dir='ltr'><strong>haesuram</strong></span> <span class='ocrx_word' id='word_1_231' title='bbox 581 3079 693 3149; x_wconf 80' lang='lat' dir='ltr'><strong>figentis</strong></span> <span class='ocrx_word' id='word_1_232' title='bbox 710 3080 799 3146; x_wconf 86' lang='lat' dir='ltr'><strong>rebus,</strong></span> 
     </span>
    </p>
   </div>
   <div class='ocr_carea' id='block_1_5' title="bbox 61 3147 870 3309">
    <p class='ocr_par' dir='ltr' id='par_1_17' title="bbox 61 3147 870 3309">
     <span class='ocr_line' id='line_1_36' title="bbox 73 3147 870 3235; baseline -0.024 -7"><span class='ocrx_word' id='word_1_233' title='bbox 73 3147 156 3228; x_wconf 47' lang='lat'><strong>{⁷⁰²⁰</strong></span> <span class='ocrx_word' id='word_1_234' title='bbox 173 3164 339 3215; x_wconf 66' lang='lat' dir='ltr'><strong>monstrant</strong></span> <span class='ocrx_word' id='word_1_235' title='bbox 356 3162 412 3232; x_wconf 79' lang='lat' dir='ltr'><strong>ipsi</strong></span> <span class='ocrx_word' id='word_1_236' title='bbox 429 3163 527 3235; x_wconf 83' lang='lat' dir='ltr'><strong>pueris</strong></span> <span class='ocrx_word' id='word_1_237' title='bbox 544 3160 717 3226; x_wconf 77' lang='lat' dir='ltr'><strong>traduntque</strong></span> <span class='ocrx_word' id='word_1_238' title='bbox 732 3159 870 3224; x_wconf 64' lang='lat' dir='ltr'><strong>parentes„</strong></span> 
     </span>
     <span class='ocr_line' id='line_1_37' title="bbox 61 3213 820 3309; baseline -0.017 -15"><span class='ocrx_word' id='word_1_239' title='bbox 61 3213 87 3264; x_wconf 56' lang='grc' dir='ltr'><strong>ς’</strong></span> <span class='ocrx_word' id='word_1_240' title='bbox 104 3217 254 3284; x_wconf 66' lang='lat' dir='ltr'><strong>damnosa</strong></span> <span class='ocrx_word' id='word_1_241' title='bbox 270 3247 376 3291; x_wconf 79' lang='lat' dir='ltr'><strong>senem</strong></span> <span class='ocrx_word' id='word_1_242' title='bbox 390 3238 484 3309; x_wconf 81' lang='lat' dir='ltr'><strong>juvat</strong></span> <span class='ocrx_word' id='word_1_243' title='bbox 503 3240 577 3308; x_wconf 76' lang='lat' dir='ltr'><strong>aleo,</strong></span> <span class='ocrx_word' id='word_1_244' title='bbox 594 3234 673 3291; x_wconf 86' lang='lat' dir='ltr'><strong>iudit</strong></span> <span class='ocrx_word' id='word_1_245' title='bbox 689 3233 720 3286; x_wconf 86' lang='lat' dir='ltr'><strong>et</strong></span> <span class='ocrx_word' id='word_1_246' title='bbox 733 3228 820 3283; x_wconf 78' lang='lat' dir='ltr'><strong>beree</strong></span> 
     </span>
    </p>
   </div>
   <div class='ocr_carea' id='block_1_6' title="bbox 0 0 1024 3510">
    <p class='ocr_par' dir='ltr' id='par_1_18' title="bbox 0 0 1024 3510">
     <span class='ocr_line' id='line_1_38' title="bbox 0 0 1024 3510; baseline 0 0"><span class='ocrx_word' id='word_1_247' title='bbox 0 0 1024 3510; x_wconf 95' lang='lat' dir='ltr'><strong> </strong></span> 
     </span>
    </p>
   </div>
  </div>
 </body>
</html>
