2040 3510
72 176 103 222 26
307 174 339 221 Ι).
357 174 464 234 JUNII
481 171 690 226 JUVENALIS

75 266 186 319 Baletus
206 263 331 330 domino;
353 265 402 319 sed
424 267 518 335 quales
540 265 672 322 Claudius
693 264 752 320 edit

75 345 148 394 Ante
167 341 244 394 illum
262 341 356 395 116111
375 346 438 411 post
458 359 541 411 quem
560 343 599 397 nil
620 341 735 410 amplius
759 341 828 397 edit.

73 415 155 470 Virro
176 417 228 471 sibi
248 419 278 470 et
297 417 409 487 reliquis
430 419 592 473 Virronibus
613 419 660 473 illa
674 417 786 486 jubebit
865 449 869 454 -

74 494 158 547 Poma
178 493 238 546 dari
258 509 373 561 quorum
394 495 451 547 solo
470 496 591 562 pascaris
610 496 708 551 odore:
889 507 925 547 150

72 569 169 634 Qualia
187 574 337 638 perpetuus
359 570 513 624 Phaeacum
534 576 681 626 autumnus
699 570 830 639 habebat,

72 645 193 700 Credere
211 662 282 715 quae
300 647 388 714 possis
407 651 534 715 surrepta
558 648 697 702 sororibus
717 648 807 701 Afris:

71 723 112 776 Tu
131 722 222 777 scabie
240 722 338 777 frueris
357 722 429 791 mali,
451 722 525 791 quod
544 723 572 776 in
592 741 692 792 aggere
712 723 786 779 rodit

72 800 125 864 Qui
144 800 249 868 tegitur
269 816 364 868 parma
383 803 412 854 et
431 800 510 867 galea
532 802 713 870 metuensque
734 799 835 867 flagelli

73 876 158 930 lliscit
179 876 214 930 ab
234 876 340 930 hirsuta
354 876 477 944 jaculum
497 879 627 944 torquere
646 876 757 944 capella.
888 889 923 926 155

72 953 199 1007 Forsitan
218 953 357 1021 impensae
376 952 521 1006 Virronem
546 968 658 1020 parcere
681 951 786 1005 credas.

73 1029 134 1083 Hoc
153 1029 211 1098 agit
229 1032 262 1083 ut
282 1029 391 1083 doleas:
416 1045 480 1082 nam
500 1046 571 1096 quae
592 1029 738 1095 comoedia,
758 1029 857 1081 mimus

72 1105 139 1172 Quis
157 1105 253 1160 melior
271 1105 395 1175 plorante
412 1105 497 1173 gulal
532 1106 605 1173 Ergo
623 1105 713 1158 omnia
730 1104 808 1171 fiunt,

72 1182 211 1248 sinaeus,
230 1184 262 1235 ut
279 1197 330 1249 per
346 1180 470 1234 lacrimas
489 1181 629 1234 effundere
647 1180 729 1234 bilem

73 1258 185 1326 Cogeris
202 1273 351 1327 pressoque
369 1257 416 1309 diu
435 1256 553 1310 stridere
570 1256 673 1309 molari.
888 1269 924 1308 166

70 1336 113 1388 Τ1
130 1335 182 1388 tibi
199 1333 269 1386 liber
285 1332 365 1385 1161116
383 1335 413 1386 61
430 1332 502 1400 regis
520 1332 633 1386 conviva
650 1330 759 1397 rideris,

73 1411 190 1480 Captum
210 1412 238 1462 16
254 1408 350 1462 nidore
368 1424 433 1461 suae
450 1410 532 1477 putat
549 1408 595 1462 ille
613 1408 732 1461 culinae:

72 1485 98 1538 N
100 1503 131 1540 66
149 1485 219 1540 male
236 1484 380 1552 conjectat
418 1485 484 1550 Quis
503 1485 575 1538 enim
594 1487 652 1538 tam
669 1483 758 1537 nudus
776 1484 901 1541 utillum

73 1562 120 1616 Bis
137 1562 216 1628 ierat,
235 1561 381 1614 Etruscum
399 1576 484 1629 puero
502 1561 525 1614 si
543 1561 659 1628 contigit
676 1576 773 1616 aurum

72 1638 124 1692 Vel
142 1637 229 1691 nodus
247 1640 355 1693 tantum
372 1641 402 1691 61
420 1637 527 1705 signum
545 1636 581 1690 de
599 1653 720 1706 paupere
737 1635 812 1692 16161
888 1654 923 1693 161

73 1714 142 1782 Spes
158 1713 228 1767 bene
245 1713 377 1766 coenandi
395 1730 441 1767 vos
460 1713 570 1783 decipit.
606 1714 699 1767 “Ecee
718 1712 796 1767 dabit
809 1712 867 1782 jam

72 1790 213 1844 Semesum
231 1789 352 1858 leporem
369 1794 454 1857 atque
472 1790 576 1859 aliquid
594 1790 630 1846 de
647 1789 770 1844 clunibus
788 1790 862 1859 apri:

74 1866 120 1921 Ad
138 1883 187 1919 nos
200 1864 260 1933 jam
278 1866 369 1920 veniet
387 1866 474 1920 minor
492 1865 601 1919 altilis'*
635 1866 706 1919 Inde
723 1869 820 1934 parato

72 1944 237 2011 Intactoque
254 1958 347 1995 omnes
365 1945 394 2000 et
413 1943 509 1995 siricio
526 1958 598 2011 pane
616 1941 722 1995 tacetis.

73 2018 125 2072 1116
142 2019 215 2088 sapit
232 2018 279 2087 qui
297 2021 327 2071 16
344 2017 382 2070 111
401 2017 496 2075 utitur.
532 2017 630 2070 Omnia
648 2018 720 2070 ferre
888 2033 924 2074 116

73 2094 102 2149 si
118 2098 206 2164 potes,
225 2098 254 2148 61
272 2093 363 2147 debes.
400 2092 567 2146 Pulsandum
586 2093 689 2147 vertice
707 2109 769 2148 raso

72 2169 220 2224 Praebebis
237 2171 401 2238 quandoque
419 2173 508 2236 caput,
527 2186 577 2222 nec
595 2169 664 2223 dura
681 2169 791 2224 timebis

72 2245 174 2314 Flagra
190 2246 254 2315 pati,
273 2246 317 2301 his
334 2245 422 2313 epulis
440 2245 535 2299 attali
554 2246 653 2314 dignus
671 2246 764 2301 amico.

364 2438 636 2447 ——-——-

392 2571 535 2626 SATIRA
553 2573 603 2628 VI.

73 2685 170 2740 Onnoo
190 2681 354 2737 Pudicitiam
373 2683 490 2738 Saturno
508 2701 573 2752 rege
590 2687 724 2739 moratam

73 2762 107 2815 In
125 2760 206 2814 terris
224 2759 362 2828 visamque
380 2759 435 2825 diu,
454 2777 538 2828 quum
555 2761 655 2828 frigida
671 2777 770 2830 parvas

73 2837 223 2892 Praeberet
240 2835 367 2904 spelunca
385 2835 479 2889 domos
497 2836 641 2908 ignemque
660 2835 812 2903 Laremque

73 2914 110 2967 Et
126 2929 208 2982 pecus
225 2915 254 2966 61
272 2911 394 2964 dominos
413 2912 548 2965 communi
567 2913 709 2966 clauderet
725 2911 837 2978 umbra;

73 2990 230 3044 Silvestrem
249 2990 377 3040 montana
394 2991 484 3041 torum
502 3005 588 3063 quum
606 2989 744 3041 sterneret
760 3003 829 3042 uxor
910 3006 923 3045 1

69 3064 228 3118 1116111111
245 3068 275 3118 61
292 3064 381 3118 culmo
398 3066 602 3135 vicinarumque
618 3065 739 3117 ferarum

50 3135 186 3199 Pelhbua
204 3139 286 3191 hacid
301 3139 401 3194 slmilr's
419 3142 479 3211 tibi,
500 3141 628 3212 Cynthia,
644 3157 696 3194 1166
711 3137 775 3207 tibi,
790 3138 870 3208 mu'us

32 3196 177 3258 Purbarit
191 3211 304 3266 11111161
322 3216 487 3280 exstinctus
507 3235 610 3296 passer
629 3211 741 3285 ocellos,
