2040 3510
115 162 162 211 lit
381 160 413 208 A.
433 160 554 210 PERSII
570 161 701 210 FLAOOI

113 248 167 302 Gor
184 249 235 303 tibi
252 250 307 303 rite
324 248 404 303 saliti
440 248 563 304 Positum
581 253 625 304 est
642 251 751 318 algente
768 253 859 306 catino

113 324 219 378 Durum
236 326 303 392 olus,
321 329 350 379 et
367 325 460 395 populi
477 325 566 379 cribro
584 326 698 381 decussa
714 327 815 394 iarina;

112 400 259 455 Tentemus
275 402 382 466 fauces3
405 406 500 456 tenero
518 402 587 457 latet
604 403 681 457 ulcus
698 404 726 456 in
743 419 791 458 ore

112 475 207 543 Putre,
226 477 300 546 quod
317 478 391 531 haud
409 477 507 532 deceat
524 477 631 545 plebeia
646 479 743 533 radere
761 478 832 534 beta

112 551 198 620 Algos
216 570 278 607 cum
295 554 416 609 excussit
433 553 562 608 membris
579 556 662 609 timor
679 554 757 610 albus
775 557 887 623 aristas;
928 574 963 613 11⁵

111 627 191 683 Nunc
210 630 268 683 iace
286 631 427 699 supposita
444 631 572 684 fervescit
591 633 706 700 sanguia
725 636 755 686 et
772 632 813 686 ira

60 755 62 760 .
111 703 265 759 Scintillant
282 706 360 773 oculi,
378 707 501 774 dicisque
519 707 638 776 facisque
657 708 731 777 quod
747 709 807 777 ipso

110 779 173 836 Non
191 782 249 836 sani
266 798 325 837 esse
342 781 456 836 hominis
474 799 527 836 non
545 799 626 837 sanus
640 783 719 851 juret
737 783 857 843 Orestes.

428 1116 572 1171 SA'l'IRA
591 1118 643 1173 IV.

110 1241 177 1296 Rau
188 1243 281 1313 populi
293 1245 413 1298 tractasl
432 1241 588 1310 (barbatum
600 1242 668 1296 haec
680 1242 762 1296 crede
773 1243 933 1312 magistrum

109 1318 215 1385 Dicere,
235 1318 349 1373 sorbitio
366 1317 439 1372 tollit
458 1333 540 1385 quem
558 1318 619 1372 dira
636 1318 761 1386 cicutae)

109 1393 168 1458 Quo
186 1396 279 1461 fretus,
298 1394 349 1461 dic,
367 1410 383 1447 ο
402 1394 492 1462 magni
508 1394 612 1463 pupille
630 1395 736 1448 Pericli.

108 1469 216 1524 Scilicet
233 1471 371 1538 ingenium
389 1473 418 1524 et
434 1487 527 1524 rerum
544 1471 691 1539 prudentia
707 1472 785 1526 velox

108 1547 184 1600 Ante
201 1546 270 1614 pilos
288 1546 377 1612 venit;
401 1547 517 1602 dicenda
535 1547 706 1616 tacendaque
723 1548 813 1603 calles.
947 1566 960 1603 s

107 1623 179 1691 Ergo
196 1623 243 1676 ubi
261 1627 396 1678 commota
412 1624 501 1678 fervet
516 1623 658 1693 plebecula
674 1625 738 1686 bile,

107 1698 298 1753 serranianus
315 1700 420 1754 calidae
437 1700 535 1754 iecisse
553 1700 661 1754 silentia
678 1701 778 1755 turbae

107 1776 255 1844 Majestate
273 1793 382 1831 manus:
407 1775 474 1844 quid
492 1776 593 1830 deinde
610 1777 741 1846 loquere?
776 1776 920 1844 ‘Quiritea

107 1851 168 1906 Hoc
186 1857 252 1920 puto
270 1870 324 1906 non
338 1852 446 1920 justum
464 1856 521 1919 est;
538 1852 606 1906 illud
624 1853 701 1919 male,
719 1853 822 1907 rectius
839 1854 923 1908 illud!
965 1892 968 1897 ·

106 1927 164 1982 Scis
182 1928 283 1982 etenim
296 1928 403 1997 justum
421 1929 529 1997 gemina
546 1927 714 1997 suspendere
732 1928 808 1983 lance
935 1945 959 1984 1o

106 2004 241 2073 Ancipitis
259 2004 360 2070 librae;
384 2009 489 2058 rectum
507 2004 637 2057 discernis
654 2004 701 2057 ubi
719 2004 791 2058 inter

106 2079 196 2134 (lurra
213 2081 295 2149 subit,
313 2080 357 2134 vel
375 2098 436 2134 cum
454 2080 524 2134 fallit
541 2079 613 2149 pede
629 2080 726 2148 regula
744 2095 815 2147 varo,

105 2157 142 2211 Et
159 2157 231 2226 potis
248 2174 278 2211 es
295 2157 403 2225 nigrum
421 2157 487 2210 vitio
504 2156 657 2225 praefigere
674 2155 759 2210 theta.

106 2233 177 2297 Quin
195 2237 226 2288 tu
244 2233 334 2301 igitur,
352 2250 457 2286 summa
475 2232 656 2300 nequicquam
672 2231 744 2300 pelle
762 2231 883 2301 decorus,

105 2310 181 2364 Ante
198 2310 272 2364 diem
290 2308 391 2363 blando
409 2308 523 2362 caudam
537 2307 646 2375 jactare
663 2309 772 2377 popello
932 2325 956 2363 15

105 2386 221 2453 Desinis,
242 2385 388 2453 Anticyras
405 2384 501 2438 melior
518 2383 629 2437 sorbere
646 2387 786 2440 meracasl

105 2461 181 2527 Quae
198 2463 249 2517 tibi
268 2478 372 2515 summa
389 2461 453 2515 boni
471 2461 532 2515 estl
569 2461 684 2515 “Uncto
700 2460 801 2516 vixisse
817 2461 920 2530 patella

104 2538 225 2609 Semper,
244 2543 274 2593 et
290 2537 399 2592 assiduo
416 2541 512 2591 curata
530 2535 648 2590 cuticula
665 2536 745 2591 sole.''

104 2615 247 2685 Exspecta,
265 2614 340 2667 haud
358 2613 431 2667 aliud
449 2614 614 2683 respondeat
631 2612 699 2666 haec
719 2630 793 2667 anus
830 2613 845 2667 I
863 2629 942 2679 nunc,

105 2691 301 2745 ‘Dinomaches
312 2707 362 2759 ego
374 2691 450 2757 sum,’
462 2691 555 2755 suffla;
574 2690 648 2742 ‘sum
661 2690 808 2743 candidus?
837 2689 911 2752 Esto,
930 2704 954 2743 ao

104 2767 178 2822 Dum
194 2785 230 2821 ne
247 2767 370 2821 deterius
388 2768 478 2837 sapiat
495 2782 636 2836 pannucea
654 2766 760 2832 Baucis,

104 2844 173 2900 (lum
190 2844 261 2898 bene
279 2843 411 2896 discincto
428 2843 579 2897 cantaverit
595 2843 682 2896 ocima
699 2858 805 2896 vernae.

138 2920 179 2975 Ut
197 2935 276 2973 nemo
297 2919 325 2971 in
343 2936 403 2974 sose
423 2923 514 2974 tentat
534 2919 709 2986 descendere,
727 2934 815 2985 nemo,

104 2996 160 3052 Sed
178 2995 369 3066 praecedentis
389 3000 531 3064 spectatur
550 2995 670 3049 mantica
689 2998 781 3063 tergo!

96 3073 262 3138 Quaesieris,
285 3072 419 3127 “Nostin'
431 3071 710 3141 Vectidiipraediai”
745 3069 890 3138 “cujusl''
929 3088 954 3128 25

63 3141 196 3230 ““Diroe
210 3151 279 3202 amr
299 3148 421 3204 Curibus
442 3154 579 3218 quantum
597 3164 653 3201 non
670 3147 772 3201 milvus
789 3147 919 3202 oberret?

82 3209 179 3265 3⁰⁰⁰
193 3218 248 3285 21⁸»
271 3221 354 3281 hunc
374 3225 433 3282 Dis
452 3226 540 3283 iratis
561 3223 713 3294 Genioque
729 3222 865 3280 sinistrol
