2040 3510
74 163 104 209 lo
310 160 342 208 D.
359 161 464 212 JUNII
480 162 688 213 JUVENALIS

389 355 532 412 Sarma
551 357 608 412 ΙΙΙ.

74 477 206 544 Quamvis
223 477 350 547 digressu
367 477 467 531 veteris
485 477 612 530 confusus
630 475 717 544 amici,

73 554 169 608 Laudo
186 557 279 608 tamen
296 553 388 606 vacuis
406 553 481 621 quod
499 552 593 606 sedern
612 552 697 621 figere
715 552 810 608 Cumis

74 630 202 684 Destinet
219 633 304 698 atque
320 645 405 682 unum
422 629 509 682 civem
526 629 628 684 donare
647 628 773 697 Sibyllae.

73 706 92 759 J
94 723 164 760 anua
181 706 311 760 Baiarum
329 709 372 760 est
389 710 419 758 et
436 709 545 772 gratum
563 705 627 759 litus
645 705 751 759 amoeni

74 782 207 837 Secessus„
243 783 301 850 Ego
319 781 362 835 vel
382 782 544 849 Prochytam
562 797 699 850 praepono
717 779 861 847 Saburrae,
911 798 923 836 5

73 859 98 911 N
101 875 144 912 am
162 859 229 927 quid
246 862 304 913 tam
321 857 456 924 miserum,
474 861 531 911 tam
550 856 636 910 solum
653 856 777 923 vidimus,
794 859 827 910 ut
844 873 899 911 non

76 933 203 989 Deterius
221 934 317 989 credas
334 934 445 987 horrere
462 933 595 1000 incendia,
614 932 706 1002 lapsus

71 1011 215 1064 'lectorum
232 1009 354 1064 assiduos
372 1025 404 1062 ac
420 1009 495 1063 mille
512 1009 635 1078 pericula
652 1025 748 1064 saevas

73 1087 156 1140 Urbis
173 1089 202 1140 et
221 1088 347 1154 Augusto
364 1085 511 1138 recitantes
528 1101 622 1139 mense
638 1087 751 1154 poetasl

73 1163 129 1216 Sed
146 1163 212 1216 dum
229 1166 289 1216 tota
306 1161 403 1216 domus
420 1161 507 1214 rheda
524 1161 694 1230 componitur
709 1177 771 1229 una,
898 1177 922 1216 1⁰

72 1239 201 1293 Substitit
218 1238 254 1293 ad
271 1242 378 1292 veteres
395 1253 472 1290 arcus
489 1237 682 1306 madidamque
699 1237 844 1307 Capenam.

73 1315 134 1382 Hic,
151 1315 199 1369 ubi
215 1317 363 1368 nocturnae
382 1313 474 1366 Numa
491 1313 675 1367 constituebat
692 1315 802 1381 amicae,

72 1392 97 1444 N
99 1408 151 1445 unc
169 1390 239 1444 sacri
254 1390 338 1444 fontis
355 1406 451 1458 nemus
469 1393 499 1443 et
516 1389 631 1443 delubra
647 1390 772 1444 locantur

72 1468 194 1535 ludaeis,
213 1482 328 1536 quorum
345 1466 477 1534 cophinus
493 1466 658 1533 foenumque
674 1467 805 1536 supellex.

71 1545 164 1599 Omnis
182 1544 253 1597 enim
271 1542 371 1612 populo
389 1542 544 1596 mercedem
562 1542 683 1611 pendere
696 1542 777 1612 jussa
793 1547 837 1599 est
896 1559 920 1597 m

71 1621 169 1687 Arbor,
187 1623 217 1674 et
234 1619 330 1688 ejectis
347 1618 484 1673 mendicat
503 1619 571 1672 silva
589 1619 723 1675 Camenis.

72 1697 106 1751 In
122 1696 219 1750 vallem
238 1695 374 1763 Aegeriae
390 1694 580 1750 descendimus
596 1698 626 1751 et
642 1696 785 1766 speluncas

71 1771 220 1827 Dissimiles
237 1773 315 1827 reris
353 1772 462 1838 Quanto
479 1773 664 1839 praestantius
682 1776 756 1827 esset

70 1851 180 1904 Numen
196 1866 292 1918 aquae,
310 1849 392 1903 viridi
409 1850 433 1902 si
450 1850 573 1918 margine
591 1850 733 1904 clauderet
749 1849 838 1902 undas

71 1927 174 1994 Herba,
191 1943 242 1980 nec
259 1926 407 1993 ingenuum
425 1926 557 1981 violarent
574 1942 711 1980 marmora
727 1926 849 1995 tophum.
895 1941 920 1980 ao

71 2002 126 2063 Hic
143 2006 208 2056 tunc
225 2000 389 2068 Umbricius,
409 2003 524 2066 Quando
542 2001 654 2067 artibus,
672 2003 768 2071 inquit,
787 2001 908 2058 honestis

70 2078 168 2132 Nullus
185 2077 214 2131 in
232 2076 310 2130 Urbe
327 2077 408 2146 locus,
426 2077 501 2130 nulla
518 2079 702 2132 emolumenta
718 2079 850 2145 laborum,

71 2154 126 2208 Res
143 2153 225 2206 hodie
239 2152 328 2206 minor
346 2156 390 2206 est
407 2153 472 2207 here
490 2170 572 2222 quam
584 2154 644 2222 fuit,
657 2158 742 2226 atque
754 2155 850 2210 eadem
860 2171 920 2211 cras

70 2231 188 2284 Deteret
204 2229 310 2297 exiguis
327 2229 438 2298 aliquid,
456 2231 632 2299 proponimus
649 2231 713 2286 illuc

69 2305 117 2360 Ire
134 2305 262 2374 fatigatas
280 2304 328 2357 ubi
346 2305 483 2359 Daedalus
500 2307 576 2360 exuit
594 2307 658 2375 alas,
895 2325 919 2364 aa

70 2382 143 2435 Dum
161 2397 230 2435 nova
247 2381 370 2449 canities,
388 2381 453 2435 dum
471 2383 559 2450 prima
576 2388 605 2437 et
622 2388 698 2440 recta
715 2389 848 2453 senectus,

70 2458 143 2511 Dum
161 2460 285 2527 superest
303 2458 416 2511 Lachesi
434 2457 509 2535 quod
525 2463 661 2529 torqueat,
680 2462 841 2530 etpedibus
859 2478 903 2517 me

70 2534 155 2589 Porto
171 2534 247 2602 meis,
264 2534 339 2588 nullo
357 2534 483 2588 dextram
501 2536 636 2591 subeunte
652 2537 757 2594 bacillo.

71 2610 206 2665 Cedamus
223 2609 327 2678 patria:
349 2611 443 2664 vivant
461 2612 590 2665 Artorius
607 2612 670 2666 istic

71 2686 108 2739 Et
126 2685 253 2752 Catulus;
270 2691 399 2741 maneant
416 2687 464 2756 qui
481 2687 589 2756 nigrum
606 2688 634 2741 in
651 2689 769 2744 candida
785 2692 904 2758 vertunt,

71 2763 137 2827 Quis
154 2763 232 2817 facile
249 2766 293 2817 est
309 2764 406 2818 aedem
424 2763 583 2832 conducere,
600 2765 719 2834 flumina,
736 2771 839 2835 portus,
893 2783 917 2822 al

71 2838 229 2894 siccandam
247 2839 371 2908 eluviem,
389 2841 554 2910 portandum
571 2841 608 2895 ad
624 2841 706 2895 busta
722 2841 845 2912 cadaver,

70 2915 107 2970 llt
123 2916 256 2985 praebere
273 2920 357 2984 caput
374 2917 485 2971 domina
501 2917 597 2972 venale
614 2917 664 2970 sub
682 2917 768 2972 hasta

71 2992 213 3058 Quondam
234 2993 262 3047 hi
283 2995 431 3049 cornicines
450 2998 479 3048 et
499 2993 668 3062 municipalis
687 3011 785 3050 arenae

71 3069 201 3139 Perpetui
219 3070 331 3125 comites
348 3075 484 3140 notasque
505 3087 556 3139 per
575 3069 677 3139 oppida
695 3070 798 3128 buccae
894 3090 918 3131 ce

70 3147 186 3201 Munera
203 3162 276 3201 nunc
294 3146 388 3213 edunt,
409 3150 439 3200 et
457 3163 536 3200 verso
556 3147 653 3216 pollice
672 3146 747 3216 vulgi

60 3220 246 3287 ,Quamlibet
264 3223 392 3278 occidunt
410 3224 591 3293 populariter:
614 3224 679 3280 inde
697 3228 801 3282 reversi
