<?xml version="1.0" encoding="UTF-8"?>
<!DOCTYPE html PUBLIC "-//W3C//DTD XHTML 1.0 Transitional//EN"
    "http://www.w3.org/TR/xhtml1/DTD/xhtml1-transitional.dtd">
<html xmlns="http://www.w3.org/1999/xhtml" xml:lang="en" lang="en">
 <head>
  <title>
</title>
<meta http-equiv="Content-Type" content="text/html;charset=utf-8" />
  <meta name='ocr-system' content='tesseract 3.04.00' />
  <meta name='ocr-capabilities' content='ocr_page ocr_carea ocr_par ocr_line ocrx_word'/>
</head>
<body>
  <div class='ocr_page' id='page_1' title='image "./deciijuniijuven00persgoog_0113.png"; bbox 0 0 2040 3510; ppageno 0'>
   <div class='ocr_carea' id='block_1_1' title="bbox 82 153 664 210">
    <p class='ocr_par' dir='ltr' id='par_1_1' title="bbox 82 153 664 210">
     <span class='ocr_line' id='line_1_1' title="bbox 82 153 664 210; baseline -0.01 -2"><span class='ocrx_word' id='word_1_1' title='bbox 82 159 128 210; x_wconf 69' lang='lat'><strong>101</strong></span> <span class='ocrx_word' id='word_1_2' title='bbox 347 157 379 205; x_wconf 83' lang='lat' dir='ltr'><strong>A.</strong></span> <span class='ocrx_word' id='word_1_3' title='bbox 398 155 516 205; x_wconf 84' lang='lat' dir='ltr'><strong>PERSII</strong></span> <span class='ocrx_word' id='word_1_4' title='bbox 534 153 664 204; x_wconf 79' lang='lat' dir='ltr'>FLACCI</span> 
     </span>
    </p>
   </div>
   <div class='ocr_carea' id='block_1_2' title="bbox 77 241 1001 2373">
    <p class='ocr_par' dir='ltr' id='par_1_2' title="bbox 81 241 930 540">
     <span class='ocr_line' id='line_1_2' title="bbox 116 241 855 312; baseline -0.001 -13"><span class='ocrx_word' id='word_1_5' title='bbox 116 245 270 311; x_wconf 80' lang='lat' dir='ltr'><strong>Scribimus,</strong></span> <span class='ocrx_word' id='word_1_6' title='bbox 281 243 401 297; x_wconf 91' lang='lat' dir='ltr'><strong>inclusus</strong></span> <span class='ocrx_word' id='word_1_7' title='bbox 418 258 545 295; x_wconf 89' lang='lat' dir='ltr'><strong>numeros</strong></span> <span class='ocrx_word' id='word_1_8' title='bbox 562 242 616 310; x_wconf 85' lang='lat' dir='ltr'><strong>ille,</strong></span> <span class='ocrx_word' id='word_1_9' title='bbox 628 241 673 295; x_wconf 90' lang='lat' dir='ltr'><strong>hio</strong></span> <span class='ocrx_word' id='word_1_10' title='bbox 690 243 762 311; x_wconf 91' lang='lat' dir='ltr'><strong>pede</strong></span> <span class='ocrx_word' id='word_1_11' title='bbox 779 243 855 312; x_wconf 88' lang='lat' dir='ltr'><strong>liber,</strong></span> 
     </span>
     <span class='ocr_line' id='line_1_3' title="bbox 82 319 927 388; baseline -0.002 -12"><span class='ocrx_word' id='word_1_12' title='bbox 82 322 194 379; x_wconf 82' lang='lat' dir='ltr'>Grande</span> <span class='ocrx_word' id='word_1_13' title='bbox 206 320 309 388; x_wconf 88' lang='lat' dir='ltr'><strong>aliquid</strong></span> <span class='ocrx_word' id='word_1_14' title='bbox 327 319 401 388; x_wconf 91' lang='lat' dir='ltr'><strong>quod</strong></span> <span class='ocrx_word' id='word_1_15' title='bbox 412 319 505 388; x_wconf 90' lang='lat' dir='ltr'><strong>pulmo</strong></span> <span class='ocrx_word' id='word_1_16' title='bbox 518 319 623 372; x_wconf 89' lang='lat' dir='ltr'><strong>animae</strong></span> <span class='ocrx_word' id='word_1_17' title='bbox 639 319 797 387; x_wconf 80' lang='lat' dir='ltr'><strong>praelargus</strong></span> <span class='ocrx_word' id='word_1_18' title='bbox 811 319 927 375; x_wconf 86' lang='lat' dir='ltr'><strong>anhelet.</strong></span> 
     </span>
     <span class='ocr_line' id='line_1_4' title="bbox 82 395 930 465; baseline 0 -14"><span class='ocrx_word' id='word_1_19' title='bbox 82 398 192 452; x_wconf 77' lang='lat' dir='ltr'>Scilicet</span> <span class='ocrx_word' id='word_1_20' title='bbox 209 396 277 450; x_wconf 88' lang='lat' dir='ltr'><strong>haee</strong></span> <span class='ocrx_word' id='word_1_21' title='bbox 293 395 404 465; x_wconf 89' lang='lat' dir='ltr'><strong>populo,</strong></span> <span class='ocrx_word' id='word_1_22' title='bbox 421 411 563 464; x_wconf 80' lang='lat' dir='ltr'>pexusque</span> <span class='ocrx_word' id='word_1_23' title='bbox 580 398 699 463; x_wconf 86' lang='lat' dir='ltr'><strong>togaque</strong></span> <span class='ocrx_word' id='word_1_24' title='bbox 716 396 820 450; x_wconf 79' lang='lat' dir='ltr'><strong>recenti</strong></span> <span class='ocrx_word' id='word_1_25' title='bbox 906 411 930 451; x_wconf 77' lang='lat'><strong>1⁵</strong></span> 
     </span>
     <span class='ocr_line' id='line_1_5' title="bbox 81 470 757 540; baseline -0.001 -14"><span class='ocrx_word' id='word_1_26' title='bbox 81 474 118 527; x_wconf 81' lang='lat' dir='ltr'><strong>Et</strong></span> <span class='ocrx_word' id='word_1_27' title='bbox 135 473 261 527; x_wconf 91' lang='lat' dir='ltr'><strong>natalitia</strong></span> <span class='ocrx_word' id='word_1_28' title='bbox 278 472 389 526; x_wconf 89' lang='lat' dir='ltr'><strong>tandem</strong></span> <span class='ocrx_word' id='word_1_29' title='bbox 407 488 470 525; x_wconf 91' lang='lat' dir='ltr'><strong>oum</strong></span> <span class='ocrx_word' id='word_1_30' title='bbox 487 470 654 538; x_wconf 87' lang='lat' dir='ltr'><strong>sardonyche</strong></span> <span class='ocrx_word' id='word_1_31' title='bbox 671 471 757 540; x_wconf 90' lang='lat' dir='ltr'><strong>albus,</strong></span> 
     </span>
    </p>

    <p class='ocr_par' dir='ltr' id='par_1_3' title="bbox 81 547 812 694">
     <span class='ocr_line' id='line_1_6' title="bbox 81 547 812 617; baseline 0 -14"><span class='ocrx_word' id='word_1_32' title='bbox 81 549 154 603; x_wconf 80' lang='lat' dir='ltr'><strong>Sede</strong></span> <span class='ocrx_word' id='word_1_33' title='bbox 171 550 246 617; x_wconf 87' lang='lat' dir='ltr'><strong>leget</strong></span> <span class='ocrx_word' id='word_1_34' title='bbox 264 548 344 615; x_wconf 87' lang='lat' dir='ltr'><strong>celse,</strong></span> <span class='ocrx_word' id='word_1_35' title='bbox 362 548 466 615; x_wconf 91' lang='lat' dir='ltr'><strong>liquido</strong></span> <span class='ocrx_word' id='word_1_36' title='bbox 484 564 544 602; x_wconf 88' lang='lat' dir='ltr'><strong>oum</strong></span> <span class='ocrx_word' id='word_1_37' title='bbox 563 547 697 615; x_wconf 89' lang='lat' dir='ltr'><strong>plasmate</strong></span> <span class='ocrx_word' id='word_1_38' title='bbox 714 552 812 617; x_wconf 89' lang='lat' dir='ltr'><strong>guttur</strong></span> 
     </span>
     <span class='ocr_line' id='line_1_7' title="bbox 81 624 693 694; baseline -0.002 -15"><span class='ocrx_word' id='word_1_39' title='bbox 81 627 184 680; x_wconf 85' lang='lat' dir='ltr'><strong>Mobile</strong></span> <span class='ocrx_word' id='word_1_40' title='bbox 201 625 326 679; x_wconf 87' lang='lat' dir='ltr'><strong>calluerit</strong></span> <span class='ocrx_word' id='word_1_41' title='bbox 342 624 464 694; x_wconf 89' lang='lat' dir='ltr'><strong>patranti</strong></span> <span class='ocrx_word' id='word_1_42' title='bbox 481 624 584 677; x_wconf 75' lang='lat' dir='ltr'><strong>hactus</strong></span> <span class='ocrx_word' id='word_1_43' title='bbox 601 625 693 678; x_wconf 89' lang='lat' dir='ltr'><strong>ocello.</strong></span> 
     </span>
    </p>

    <p class='ocr_par' dir='ltr' id='par_1_4' title="bbox 81 701 1001 923">
     <span class='ocr_line' id='line_1_8' title="bbox 82 701 1001 771; baseline -0.001 -15"><span class='ocrx_word' id='word_1_44' title='bbox 82 701 135 756; x_wconf 89' lang='lat' dir='ltr'><strong>Hie</strong></span> <span class='ocrx_word' id='word_1_45' title='bbox 152 719 242 771; x_wconf 89' lang='lat' dir='ltr'><strong>neque</strong></span> <span class='ocrx_word' id='word_1_46' title='bbox 259 718 335 754; x_wconf 89' lang='lat' dir='ltr'><strong>more</strong></span> <span class='ocrx_word' id='word_1_47' title='bbox 353 701 439 769; x_wconf 90' lang='lat' dir='ltr'><strong>probo</strong></span> <span class='ocrx_word' id='word_1_48' title='bbox 457 701 550 754; x_wconf 84' lang='lat' dir='ltr'><strong>videas</strong></span> <span class='ocrx_word' id='word_1_49' title='bbox 568 717 618 754; x_wconf 88' lang='lat' dir='ltr'><strong>nec</strong></span> <span class='ocrx_word' id='word_1_50' title='bbox 637 717 701 754; x_wconf 85' lang='lat' dir='ltr'><strong>voce</strong></span> <span class='ocrx_word' id='word_1_51' title='bbox 719 718 815 755; x_wconf 88' lang='lat' dir='ltr'><strong>serena</strong></span> <span class='ocrx_word' id='word_1_52' title='bbox 999 757 1001 761; x_wconf 62' lang='grc'>,</span> 
     </span>
     <span class='ocr_line' id='line_1_9' title="bbox 82 777 930 846; baseline -0.001 -14"><span class='ocrx_word' id='word_1_53' title='bbox 82 778 214 846; x_wconf 78' lang='lat' dir='ltr'><strong>Ingentes</strong></span> <span class='ocrx_word' id='word_1_54' title='bbox 232 777 371 845; x_wconf 88' lang='lat' dir='ltr'><strong>trepidare</strong></span> <span class='ocrx_word' id='word_1_55' title='bbox 390 777 472 845; x_wconf 82' lang='lat' dir='ltr'><strong>Titos,</strong></span> <span class='ocrx_word' id='word_1_56' title='bbox 491 793 554 831; x_wconf 90' lang='lat' dir='ltr'><strong>cum</strong></span> <span class='ocrx_word' id='word_1_57' title='bbox 572 777 692 831; x_wconf 86' lang='lat' dir='ltr'><strong>carmina</strong></span> <span class='ocrx_word' id='word_1_58' title='bbox 709 778 833 831; x_wconf 90' lang='lat' dir='ltr'><strong>lumbum</strong></span> <span class='ocrx_word' id='word_1_59' title='bbox 907 792 930 831; x_wconf 84' lang='lat' dir='ltr'><strong>ao</strong></span> 
     </span>
     <span class='ocr_line' id='line_1_10' title="bbox 81 854 819 923; baseline 0.001 -15"><span class='ocrx_word' id='word_1_60' title='bbox 81 855 192 909; x_wconf 88' lang='lat' dir='ltr'><strong>latrant</strong></span> <span class='ocrx_word' id='word_1_61' title='bbox 210 858 239 908; x_wconf 90' lang='lat' dir='ltr'><strong>et</strong></span> <span class='ocrx_word' id='word_1_62' title='bbox 257 855 374 908; x_wconf 89' lang='lat' dir='ltr'><strong>tremulo</strong></span> <span class='ocrx_word' id='word_1_63' title='bbox 392 855 551 923; x_wconf 83' lang='lat' dir='ltr'><strong>scalpuntur</strong></span> <span class='ocrx_word' id='word_1_64' title='bbox 568 858 600 908; x_wconf 89' lang='lat' dir='ltr'><strong>ut</strong></span> <span class='ocrx_word' id='word_1_65' title='bbox 616 854 714 908; x_wconf 89' lang='lat' dir='ltr'><strong>intima</strong></span> <span class='ocrx_word' id='word_1_66' title='bbox 732 871 819 909; x_wconf 80' lang='lat' dir='ltr'><strong>versu</strong></span> 
     </span>
    </p>

    <p class='ocr_par' dir='ltr' id='par_1_5' title="bbox 80 931 762 1000">
     <span class='ocr_line' id='line_1_11' title="bbox 80 931 762 1000; baseline 0.001 -16"><span class='ocrx_word' id='word_1_67' title='bbox 80 931 154 1000; x_wconf 76' lang='lat' dir='ltr'><strong>Tun&#39;,</strong></span> <span class='ocrx_word' id='word_1_68' title='bbox 173 932 270 996; x_wconf 86' lang='lat' dir='ltr'><strong>vetule,</strong></span> <span class='ocrx_word' id='word_1_69' title='bbox 289 931 414 985; x_wconf 82' lang='lat' dir='ltr'><strong>auriculis</strong></span> <span class='ocrx_word' id='word_1_70' title='bbox 432 931 527 984; x_wconf 91' lang='lat' dir='ltr'><strong>alienis</strong></span> <span class='ocrx_word' id='word_1_71' title='bbox 547 931 651 999; x_wconf 83' lang='lat' dir='ltr'><strong>colligis</strong></span> <span class='ocrx_word' id='word_1_72' title='bbox 669 932 762 986; x_wconf 83' lang='lat' dir='ltr'><strong>escasl</strong></span> 
     </span>
    </p>

    <p class='ocr_par' dir='ltr' id='par_1_6' title="bbox 81 1007 828 1077">
     <span class='ocr_line' id='line_1_12' title="bbox 81 1007 828 1077; baseline 0 -15"><span class='ocrx_word' id='word_1_73' title='bbox 81 1008 218 1062; x_wconf 84' lang='lat' dir='ltr'><strong>Auriculis</strong></span> <span class='ocrx_word' id='word_1_74' title='bbox 237 1007 335 1076; x_wconf 91' lang='lat' dir='ltr'><strong>quibus</strong></span> <span class='ocrx_word' id='word_1_75' title='bbox 354 1011 383 1061; x_wconf 91' lang='lat' dir='ltr'><strong>et</strong></span> <span class='ocrx_word' id='word_1_76' title='bbox 401 1007 476 1060; x_wconf 89' lang='lat' dir='ltr'><strong>dicas</strong></span> <span class='ocrx_word' id='word_1_77' title='bbox 494 1012 558 1062; x_wconf 89' lang='lat' dir='ltr'><strong>cute</strong></span> <span class='ocrx_word' id='word_1_78' title='bbox 574 1008 709 1077; x_wconf 84' lang='lat' dir='ltr'><strong>perditus,</strong></span> <span class='ocrx_word' id='word_1_79' title='bbox 727 1008 828 1062; x_wconf 85' lang='lat' dir='ltr'><strong>ohe!—</strong></span> 
     </span>
    </p>

    <p class='ocr_par' dir='ltr' id='par_1_7' title="bbox 80 1082 931 1307">
     <span class='ocr_line' id='line_1_13' title="bbox 80 1082 931 1152; baseline -0.002 -15"><span class='ocrx_word' id='word_1_80' title='bbox 80 1085 95 1111; x_wconf 91' lang='lat'>“</span> <span class='ocrx_word' id='word_1_81' title='bbox 103 1084 162 1149; x_wconf 82' lang='lat' dir='ltr'><strong>Quo</strong></span> <span class='ocrx_word' id='word_1_82' title='bbox 175 1084 311 1152; x_wconf 84' lang='lat' dir='ltr'><strong>didicisse,</strong></span> <span class='ocrx_word' id='word_1_83' title='bbox 323 1085 375 1137; x_wconf 91' lang='lat' dir='ltr'><strong>nisi</strong></span> <span class='ocrx_word' id='word_1_84' title='bbox 387 1083 437 1137; x_wconf 89' lang='lat' dir='ltr'><strong>hoc</strong></span> <span class='ocrx_word' id='word_1_85' title='bbox 456 1085 621 1138; x_wconf 89' lang='lat' dir='ltr'><strong>fermentum</strong></span> <span class='ocrx_word' id='word_1_86' title='bbox 635 1089 665 1139; x_wconf 91' lang='lat' dir='ltr'><strong>et</strong></span> <span class='ocrx_word' id='word_1_87' title='bbox 677 1101 747 1152; x_wconf 89' lang='lat' dir='ltr'><strong>quae</strong></span> <span class='ocrx_word' id='word_1_88' title='bbox 759 1084 844 1138; x_wconf 90' lang='lat' dir='ltr'><strong>semel</strong></span> <span class='ocrx_word' id='word_1_89' title='bbox 856 1082 931 1137; x_wconf 88' lang='lat' dir='ltr'><strong>intus</strong></span> 
     </span>
     <span class='ocr_line' id='line_1_14' title="bbox 81 1160 931 1230; baseline 0 -16"><span class='ocrx_word' id='word_1_90' title='bbox 81 1161 182 1216; x_wconf 89' lang='lat' dir='ltr'><strong>lunata</strong></span> <span class='ocrx_word' id='word_1_91' title='bbox 199 1166 249 1228; x_wconf 89' lang='lat' dir='ltr'><strong>est,</strong></span> <span class='ocrx_word' id='word_1_92' title='bbox 267 1165 349 1230; x_wconf 92' lang='lat' dir='ltr'><strong>rupto</strong></span> <span class='ocrx_word' id='word_1_93' title='bbox 363 1160 466 1228; x_wconf 83' lang='lat' dir='ltr'><strong>jecore,</strong></span> <span class='ocrx_word' id='word_1_94' title='bbox 484 1161 583 1215; x_wconf 86' lang='lat' dir='ltr'><strong>exierit</strong></span> <span class='ocrx_word' id='word_1_95' title='bbox 600 1162 744 1229; x_wconf 86' lang='lat' dir='ltr'><strong>caprificus</strong></span> <span class='ocrx_word' id='word_1_96' title='bbox 753 1162 779 1216; x_wconf 83' lang='lat' dir='ltr'><strong>i’&#39;</strong></span> <span class='ocrx_word' id='word_1_97' title='bbox 907 1174 931 1214; x_wconf 77' lang='lat' dir='ltr'><strong>ac</strong></span> 
     </span>
     <span class='ocr_line' id='line_1_15' title="bbox 80 1235 828 1307; baseline 0 -16"><span class='ocrx_word' id='word_1_98' title='bbox 80 1237 123 1291; x_wconf 82' lang='lat' dir='ltr'><strong>En</strong></span> <span class='ocrx_word' id='word_1_99' title='bbox 142 1238 229 1307; x_wconf 87' lang='lat' dir='ltr'><strong>pallor</strong></span> <span class='ocrx_word' id='word_1_100' title='bbox 247 1237 420 1305; x_wconf 88' lang='lat' dir='ltr'><strong>seniumque!</strong></span> <span class='ocrx_word' id='word_1_101' title='bbox 457 1235 480 1290; x_wconf 95' lang='grc' dir='ltr'>Ο</span> <span class='ocrx_word' id='word_1_102' title='bbox 499 1240 603 1291; x_wconf 84' lang='lat' dir='ltr'><strong>mores!</strong></span> <span class='ocrx_word' id='word_1_103' title='bbox 620 1253 706 1305; x_wconf 91' lang='lat' dir='ltr'><strong>usque</strong></span> <span class='ocrx_word' id='word_1_104' title='bbox 724 1237 828 1291; x_wconf 89' lang='lat' dir='ltr'><strong>adeone</strong></span> 
     </span>
    </p>

    <p class='ocr_par' dir='ltr' id='par_1_8' title="bbox 79 1313 867 1521">
     <span class='ocr_line' id='line_1_16' title="bbox 81 1313 867 1370; baseline 0.001 -2"><span class='ocrx_word' id='word_1_105' title='bbox 81 1314 158 1368; x_wconf 81' lang='lat' dir='ltr'><strong>Scire</strong></span> <span class='ocrx_word' id='word_1_106' title='bbox 175 1319 253 1368; x_wconf 91' lang='lat' dir='ltr'><strong>tuum</strong></span> <span class='ocrx_word' id='word_1_107' title='bbox 271 1314 338 1366; x_wconf 95' lang='lat' dir='ltr'><strong>nihil</strong></span> <span class='ocrx_word' id='word_1_108' title='bbox 356 1318 400 1368; x_wconf 90' lang='lat' dir='ltr'><strong>est</strong></span> <span class='ocrx_word' id='word_1_109' title='bbox 417 1314 468 1367; x_wconf 92' lang='lat' dir='ltr'><strong>nisi</strong></span> <span class='ocrx_word' id='word_1_110' title='bbox 486 1317 516 1368; x_wconf 84' lang='lat' dir='ltr'><strong>te</strong></span> <span class='ocrx_word' id='word_1_111' title='bbox 534 1313 603 1367; x_wconf 88' lang='lat' dir='ltr'><strong>scire</strong></span> <span class='ocrx_word' id='word_1_112' title='bbox 619 1313 670 1367; x_wconf 93' lang='lat' dir='ltr'><strong>hoo</strong></span> <span class='ocrx_word' id='word_1_113' title='bbox 691 1314 761 1367; x_wconf 88' lang='lat' dir='ltr'><strong>sciat</strong></span> <span class='ocrx_word' id='word_1_114' title='bbox 778 1314 867 1370; x_wconf 79' lang='lat' dir='ltr'><strong>alteri</strong></span> 
     </span>
     <span class='ocr_line' id='line_1_17' title="bbox 80 1389 851 1460; baseline 0.004 -17"><span class='ocrx_word' id='word_1_115' title='bbox 80 1393 142 1445; x_wconf 84' lang='lat' dir='ltr'><strong>“At</strong></span> <span class='ocrx_word' id='word_1_116' title='bbox 160 1392 283 1460; x_wconf 91' lang='lat' dir='ltr'><strong>pulcrum</strong></span> <span class='ocrx_word' id='word_1_117' title='bbox 302 1390 390 1458; x_wconf 83' lang='lat' dir='ltr'><strong>digito</strong></span> <span class='ocrx_word' id='word_1_118' title='bbox 407 1390 554 1444; x_wconf 88' lang='lat' dir='ltr'><strong>monstrari</strong></span> <span class='ocrx_word' id='word_1_119' title='bbox 572 1394 602 1444; x_wconf 89' lang='lat' dir='ltr'><strong>et</strong></span> <span class='ocrx_word' id='word_1_120' title='bbox 620 1389 713 1458; x_wconf 87' lang='lat' dir='ltr'><strong>dicier,</strong></span> <span class='ocrx_word' id='word_1_121' title='bbox 731 1389 776 1444; x_wconf 88' lang='lat' dir='ltr'><strong>hic</strong></span> <span class='ocrx_word' id='word_1_122' title='bbox 792 1393 851 1446; x_wconf 85' lang='lat' dir='ltr'><strong>est!</strong></span> 
     </span>
     <span class='ocr_line' id='line_1_18' title="bbox 79 1465 674 1521; baseline 0.003 -2"><span class='ocrx_word' id='word_1_123' title='bbox 79 1467 143 1521; x_wconf 83' lang='lat' dir='ltr'><strong>Ten’</strong></span> <span class='ocrx_word' id='word_1_124' title='bbox 160 1468 322 1521; x_wconf 76' lang='lat' dir='ltr'><strong>cirratorum</strong></span> <span class='ocrx_word' id='word_1_125' title='bbox 341 1471 450 1521; x_wconf 90' lang='lat' dir='ltr'><strong>centum</strong></span> <span class='ocrx_word' id='word_1_126' title='bbox 468 1467 572 1521; x_wconf 87' lang='lat' dir='ltr'><strong>dictata</strong></span> <span class='ocrx_word' id='word_1_127' title='bbox 590 1465 674 1521; x_wconf 90' lang='lat' dir='ltr'><strong>fuisse</strong></span> 
     </span>
    </p>

    <p class='ocr_par' dir='ltr' id='par_1_9' title="bbox 79 1543 931 1688">
     <span class='ocr_line' id='line_1_19' title="bbox 79 1543 931 1613; baseline 0.004 -17"><span class='ocrx_word' id='word_1_128' title='bbox 79 1543 133 1597; x_wconf 89' lang='lat' dir='ltr'><strong>Pro</strong></span> <span class='ocrx_word' id='word_1_129' title='bbox 150 1543 234 1597; x_wconf 91' lang='lat' dir='ltr'><strong>nihilo</strong></span> <span class='ocrx_word' id='word_1_130' title='bbox 251 1543 388 1613; x_wconf 67' lang='lat' dir='ltr'><strong>pendeat*</strong></span> <span class='ocrx_word' id='word_1_131' title='bbox 424 1543 494 1596; x_wconf 80' lang='lat' dir='ltr'><strong>Ecce</strong></span> <span class='ocrx_word' id='word_1_132' title='bbox 511 1543 584 1597; x_wconf 88' lang='lat' dir='ltr'><strong>inter</strong></span> <span class='ocrx_word' id='word_1_133' title='bbox 602 1544 699 1612; x_wconf 92' lang='lat' dir='ltr'><strong>pocula</strong></span> <span class='ocrx_word' id='word_1_134' title='bbox 717 1547 853 1613; x_wconf 84' lang='lat' dir='ltr'><strong>quaerunt</strong></span> <span class='ocrx_word' id='word_1_135' title='bbox 906 1559 931 1599; x_wconf 80' lang='lat'><strong>³0</strong></span> 
     </span>
     <span class='ocr_line' id='line_1_20' title="bbox 79 1619 780 1688; baseline 0.003 -16"><span class='ocrx_word' id='word_1_136' title='bbox 79 1619 242 1673; x_wconf 78' lang='lat' dir='ltr'><strong>Romulidae</strong></span> <span class='ocrx_word' id='word_1_137' title='bbox 260 1620 347 1673; x_wconf 91' lang='lat' dir='ltr'><strong>saturi</strong></span> <span class='ocrx_word' id='word_1_138' title='bbox 364 1619 433 1688; x_wconf 90' lang='lat' dir='ltr'><strong>quid</strong></span> <span class='ocrx_word' id='word_1_139' title='bbox 452 1619 498 1672; x_wconf 91' lang='lat' dir='ltr'><strong>dia</strong></span> <span class='ocrx_word' id='word_1_140' title='bbox 515 1624 643 1687; x_wconf 81' lang='lat' dir='ltr'><strong>poemata</strong></span> <span class='ocrx_word' id='word_1_141' title='bbox 660 1624 780 1675; x_wconf 86' lang='lat' dir='ltr'><strong>narrent.</strong></span> 
     </span>
    </p>

    <p class='ocr_par' dir='ltr' id='par_1_10' title="bbox 77 1694 930 2070">
     <span class='ocr_line' id='line_1_21' title="bbox 79 1694 928 1764; baseline 0.002 -15"><span class='ocrx_word' id='word_1_142' title='bbox 79 1695 133 1750; x_wconf 92' lang='lat' dir='ltr'><strong>Hic</strong></span> <span class='ocrx_word' id='word_1_143' title='bbox 151 1696 249 1764; x_wconf 91' lang='lat' dir='ltr'><strong>aliquis</strong></span> <span class='ocrx_word' id='word_1_144' title='bbox 266 1696 310 1750; x_wconf 91' lang='lat' dir='ltr'><strong>oui</strong></span> <span class='ocrx_word' id='word_1_145' title='bbox 327 1696 428 1749; x_wconf 90' lang='lat' dir='ltr'><strong>circum</strong></span> <span class='ocrx_word' id='word_1_146' title='bbox 442 1694 570 1748; x_wconf 87' lang='lat' dir='ltr'><strong>humeros</strong></span> <span class='ocrx_word' id='word_1_147' title='bbox 586 1695 761 1763; x_wconf 88' lang='lat' dir='ltr'><strong>hyacinthina</strong></span> <span class='ocrx_word' id='word_1_148' title='bbox 777 1696 858 1751; x_wconf 85' lang='lat' dir='ltr'><strong>laena</strong></span> <span class='ocrx_word' id='word_1_149' title='bbox 877 1700 928 1764; x_wconf 86' lang='lat' dir='ltr'><strong>est,</strong></span> 
     </span>
     <span class='ocr_line' id='line_1_22' title="bbox 78 1771 776 1841; baseline 0.001 -16"><span class='ocrx_word' id='word_1_150' title='bbox 78 1772 261 1827; x_wconf 82' lang='lat' dir='ltr'><strong>Rancidulum</strong></span> <span class='ocrx_word' id='word_1_151' title='bbox 278 1772 409 1841; x_wconf 87' lang='lat' dir='ltr'><strong>quiddam</strong></span> <span class='ocrx_word' id='word_1_152' title='bbox 427 1771 509 1825; x_wconf 90' lang='lat' dir='ltr'><strong>balba</strong></span> <span class='ocrx_word' id='word_1_153' title='bbox 526 1772 561 1826; x_wconf 90' lang='lat' dir='ltr'><strong>de</strong></span> <span class='ocrx_word' id='word_1_154' title='bbox 578 1789 645 1826; x_wconf 92' lang='lat' dir='ltr'><strong>nare</strong></span> <span class='ocrx_word' id='word_1_155' title='bbox 662 1772 776 1838; x_wconf 87' lang='lat' dir='ltr'><strong>locutus,</strong></span> 
     </span>
     <span class='ocr_line' id='line_1_23' title="bbox 78 1847 857 1918; baseline 0.001 -17"><span class='ocrx_word' id='word_1_156' title='bbox 78 1848 224 1918; x_wconf 82' lang='lat' dir='ltr'><strong>Phyllidas,</strong></span> <span class='ocrx_word' id='word_1_157' title='bbox 245 1848 419 1917; x_wconf 81' lang='lat' dir='ltr'><strong>Hypsipyles,</strong></span> <span class='ocrx_word' id='word_1_158' title='bbox 434 1852 527 1901; x_wconf 89' lang='lat' dir='ltr'><strong>vatum</strong></span> <span class='ocrx_word' id='word_1_159' title='bbox 545 1852 575 1902; x_wconf 91' lang='lat' dir='ltr'><strong>et</strong></span> <span class='ocrx_word' id='word_1_160' title='bbox 591 1849 724 1916; x_wconf 87' lang='lat' dir='ltr'><strong>plorabile</strong></span> <span class='ocrx_word' id='word_1_161' title='bbox 741 1849 764 1902; x_wconf 92' lang='lat' dir='ltr'><strong>si</strong></span> <span class='ocrx_word' id='word_1_162' title='bbox 781 1847 857 1917; x_wconf 91' lang='lat' dir='ltr'><strong>quid,</strong></span> 
     </span>
     <span class='ocr_line' id='line_1_24' title="bbox 77 1924 930 1993; baseline 0.004 -16"><span class='ocrx_word' id='word_1_163' title='bbox 77 1926 196 1993; x_wconf 82' lang='lat' dir='ltr'><strong>Eliquat,</strong></span> <span class='ocrx_word' id='word_1_164' title='bbox 216 1942 248 1980; x_wconf 91' lang='lat' dir='ltr'><strong>ac</strong></span> <span class='ocrx_word' id='word_1_165' title='bbox 266 1928 363 1978; x_wconf 89' lang='lat' dir='ltr'><strong>tenero</strong></span> <span class='ocrx_word' id='word_1_166' title='bbox 381 1924 541 1993; x_wconf 88' lang='lat' dir='ltr'><strong>supplantat</strong></span> <span class='ocrx_word' id='word_1_167' title='bbox 559 1924 644 1978; x_wconf 88' lang='lat' dir='ltr'><strong>verba</strong></span> <span class='ocrx_word' id='word_1_168' title='bbox 661 1925 760 1993; x_wconf 88' lang='lat' dir='ltr'><strong>palato.</strong></span> <span class='ocrx_word' id='word_1_169' title='bbox 905 1939 930 1980; x_wconf 76' lang='lat' dir='ltr'><strong>ss</strong></span> 
     </span>
     <span class='ocr_line' id='line_1_25' title="bbox 78 2000 740 2070; baseline 0 -15"><span class='ocrx_word' id='word_1_170' title='bbox 78 2005 229 2055; x_wconf 87' lang='lat' dir='ltr'><strong>Assensere</strong></span> <span class='ocrx_word' id='word_1_171' title='bbox 247 2001 310 2054; x_wconf 84' lang='lat' dir='ltr'><strong>viri:</strong></span> <span class='ocrx_word' id='word_1_172' title='bbox 334 2017 405 2054; x_wconf 89' lang='lat' dir='ltr'><strong>nune</strong></span> <span class='ocrx_word' id='word_1_173' title='bbox 422 2017 476 2054; x_wconf 90' lang='lat' dir='ltr'><strong>non</strong></span> <span class='ocrx_word' id='word_1_174' title='bbox 494 2000 561 2054; x_wconf 90' lang='lat' dir='ltr'><strong>einis</strong></span> <span class='ocrx_word' id='word_1_175' title='bbox 578 2001 625 2054; x_wconf 89' lang='lat' dir='ltr'><strong>ille</strong></span> <span class='ocrx_word' id='word_1_176' title='bbox 641 2006 740 2070; x_wconf 87' lang='lat' dir='ltr'><strong>poetae</strong></span> 
     </span>
    </p>

    <p class='ocr_par' dir='ltr' id='par_1_11' title="bbox 78 2077 801 2221">
     <span class='ocr_line' id='line_1_26' title="bbox 78 2077 801 2145; baseline 0.004 -14"><span class='ocrx_word' id='word_1_177' title='bbox 78 2078 173 2132; x_wconf 75' lang='lat' dir='ltr'><strong>Felixr</strong></span> <span class='ocrx_word' id='word_1_178' title='bbox 196 2095 250 2131; x_wconf 92' lang='lat' dir='ltr'><strong>non</strong></span> <span class='ocrx_word' id='word_1_179' title='bbox 268 2078 353 2131; x_wconf 86' lang='lat' dir='ltr'><strong>levior</strong></span> <span class='ocrx_word' id='word_1_180' title='bbox 371 2078 466 2145; x_wconf 88' lang='lat' dir='ltr'><strong>cippus</strong></span> <span class='ocrx_word' id='word_1_181' title='bbox 483 2094 555 2131; x_wconf 90' lang='lat' dir='ltr'><strong>nunc</strong></span> <span class='ocrx_word' id='word_1_182' title='bbox 572 2077 705 2145; x_wconf 89' lang='lat' dir='ltr'><strong>imprimit</strong></span> <span class='ocrx_word' id='word_1_183' title='bbox 722 2080 801 2134; x_wconf 83' lang='lat' dir='ltr'><strong>ossei</strong></span> 
     </span>
     <span class='ocr_line' id='line_1_27' title="bbox 79 2154 789 2221; baseline 0.003 -15"><span class='ocrx_word' id='word_1_184' title='bbox 79 2154 207 2207; x_wconf 88' lang='lat' dir='ltr'><strong>Laudant</strong></span> <span class='ocrx_word' id='word_1_185' title='bbox 225 2155 368 2218; x_wconf 85' lang='lat' dir='ltr'><strong>convivae;</strong></span> <span class='ocrx_word' id='word_1_186' title='bbox 389 2170 461 2207; x_wconf 90' lang='lat' dir='ltr'><strong>nunc</strong></span> <span class='ocrx_word' id='word_1_187' title='bbox 478 2169 532 2206; x_wconf 93' lang='lat' dir='ltr'><strong>non</strong></span> <span class='ocrx_word' id='word_1_188' title='bbox 550 2170 566 2207; x_wconf 91' lang='lat' dir='ltr'><strong>e</strong></span> <span class='ocrx_word' id='word_1_189' title='bbox 584 2154 711 2208; x_wconf 89' lang='lat' dir='ltr'><strong>Manibus</strong></span> <span class='ocrx_word' id='word_1_190' title='bbox 728 2154 789 2221; x_wconf 90' lang='lat' dir='ltr'><strong>illis,</strong></span> 
     </span>
    </p>

    <p class='ocr_par' dir='ltr' id='par_1_12' title="bbox 78 2229 708 2297">
     <span class='ocr_line' id='line_1_28' title="bbox 78 2229 708 2297; baseline 0 -15"><span class='ocrx_word' id='word_1_191' title='bbox 78 2229 158 2282; x_wconf 89' lang='lat' dir='ltr'><strong>Nunc</strong></span> <span class='ocrx_word' id='word_1_192' title='bbox 175 2246 229 2282; x_wconf 82' lang='lat' dir='ltr'><strong>non</strong></span> <span class='ocrx_word' id='word_1_193' title='bbox 248 2246 263 2283; x_wconf 91' lang='lat' dir='ltr'><strong>e</strong></span> <span class='ocrx_word' id='word_1_194' title='bbox 281 2230 387 2282; x_wconf 90' lang='lat' dir='ltr'><strong>tumulo</strong></span> <span class='ocrx_word' id='word_1_195' title='bbox 405 2230 601 2297; x_wconf 88' lang='lat' dir='ltr'><strong>fortunataque</strong></span> <span class='ocrx_word' id='word_1_196' title='bbox 618 2229 708 2283; x_wconf 82' lang='lat' dir='ltr'><strong>favilla</strong></span> 
     </span>
    </p>

    <p class='ocr_par' dir='ltr' id='par_1_13' title="bbox 79 2305 929 2373">
     <span class='ocr_line' id='line_1_29' title="bbox 79 2305 929 2373; baseline 0.006 -15"><span class='ocrx_word' id='word_1_197' title='bbox 79 2307 234 2362; x_wconf 83' lang='lat' dir='ltr'><strong>Nascantur</strong></span> <span class='ocrx_word' id='word_1_198' title='bbox 252 2307 357 2361; x_wconf 86' lang='lat' dir='ltr'><strong>violael</strong></span> <span class='ocrx_word' id='word_1_199' title='bbox 393 2305 526 2373; x_wconf 73' lang='lat' dir='ltr'><strong>“Rides’&#39;</strong></span> <span class='ocrx_word' id='word_1_200' title='bbox 544 2306 591 2372; x_wconf 86' lang='lat' dir='ltr'><strong>ait,</strong></span> <span class='ocrx_word' id='word_1_201' title='bbox 609 2305 657 2360; x_wconf 86' lang='lat' dir='ltr'><strong>“et</strong></span> <span class='ocrx_word' id='word_1_202' title='bbox 674 2307 753 2360; x_wconf 91' lang='lat' dir='ltr'><strong>nimis</strong></span> <span class='ocrx_word' id='word_1_203' title='bbox 770 2308 846 2363; x_wconf 90' lang='lat' dir='ltr'><strong>uncis</strong></span> <span class='ocrx_word' id='word_1_204' title='bbox 905 2324 929 2362; x_wconf 74' lang='lat' dir='ltr'><strong>ro</strong></span> 
     </span>
    </p>
   </div>
   <div class='ocr_carea' id='block_1_3' title="bbox 79 2381 905 2604">
    <p class='ocr_par' dir='ltr' id='par_1_14' title="bbox 79 2381 905 2604">
     <span class='ocr_line' id='line_1_30' title="bbox 79 2381 766 2452; baseline 0.004 -18"><span class='ocrx_word' id='word_1_205' title='bbox 79 2381 199 2435; x_wconf 88' lang='lat' dir='ltr'><strong>Naribus</strong></span> <span class='ocrx_word' id='word_1_206' title='bbox 217 2382 355 2449; x_wconf 81' lang='lat' dir='ltr'><strong>indulges:</strong></span> <span class='ocrx_word' id='word_1_207' title='bbox 381 2399 414 2436; x_wconf 91' lang='lat' dir='ltr'><strong>an</strong></span> <span class='ocrx_word' id='word_1_208' title='bbox 433 2383 487 2437; x_wconf 88' lang='lat' dir='ltr'><strong>erit</strong></span> <span class='ocrx_word' id='word_1_209' title='bbox 505 2382 552 2452; x_wconf 92' lang='lat' dir='ltr'><strong>qui</strong></span> <span class='ocrx_word' id='word_1_210' title='bbox 570 2381 640 2436; x_wconf 88' lang='lat' dir='ltr'><strong>velle</strong></span> <span class='ocrx_word' id='word_1_211' title='bbox 657 2387 766 2437; x_wconf 86' lang='lat' dir='ltr'><strong>recuset</strong></span> 
     </span>
     <span class='ocr_line' id='line_1_31' title="bbox 79 2456 754 2529; baseline 0.003 -18"><span class='ocrx_word' id='word_1_212' title='bbox 79 2456 118 2511; x_wconf 91' lang='lat' dir='ltr'><strong>Os</strong></span> <span class='ocrx_word' id='word_1_213' title='bbox 134 2459 228 2529; x_wconf 92' lang='lat' dir='ltr'><strong>populi</strong></span> <span class='ocrx_word' id='word_1_214' title='bbox 245 2459 383 2525; x_wconf 90' lang='lat' dir='ltr'><strong>meruisse,</strong></span> <span class='ocrx_word' id='word_1_215' title='bbox 399 2461 429 2512; x_wconf 89' lang='lat' dir='ltr'><strong>et</strong></span> <span class='ocrx_word' id='word_1_216' title='bbox 447 2458 529 2513; x_wconf 88' lang='lat' dir='ltr'><strong>cedro</strong></span> <span class='ocrx_word' id='word_1_217' title='bbox 547 2458 630 2526; x_wconf 93' lang='lat' dir='ltr'><strong>digna</strong></span> <span class='ocrx_word' id='word_1_218' title='bbox 647 2459 754 2513; x_wconf 89' lang='lat' dir='ltr'><strong>locutus</strong></span> 
     </span>
     <span class='ocr_line' id='line_1_32' title="bbox 79 2534 905 2604; baseline 0.005 -17"><span class='ocrx_word' id='word_1_219' title='bbox 79 2534 214 2604; x_wconf 85' lang='lat' dir='ltr'><strong>Linquere</strong></span> <span class='ocrx_word' id='word_1_220' title='bbox 232 2550 282 2589; x_wconf 91' lang='lat' dir='ltr'><strong>neo</strong></span> <span class='ocrx_word' id='word_1_221' title='bbox 298 2535 436 2588; x_wconf 88' lang='lat' dir='ltr'><strong>scombros</strong></span> <span class='ocrx_word' id='word_1_222' title='bbox 453 2535 605 2589; x_wconf 85' lang='lat' dir='ltr'><strong>metuentia</strong></span> <span class='ocrx_word' id='word_1_223' title='bbox 624 2537 745 2590; x_wconf 89' lang='lat' dir='ltr'><strong>carmina</strong></span> <span class='ocrx_word' id='word_1_224' title='bbox 758 2553 808 2591; x_wconf 90' lang='lat' dir='ltr'><strong>neo</strong></span> <span class='ocrx_word' id='word_1_225' title='bbox 826 2538 905 2591; x_wconf 87' lang='lat' dir='ltr'><strong>tusl&#39;&#39;</strong></span> 
     </span>
    </p>
   </div>
   <div class='ocr_carea' id='block_1_4' title="bbox 7 2611 928 3304">
    <p class='ocr_par' dir='ltr' id='par_1_15' title="bbox 48 2611 928 3220">
     <span class='ocr_line' id='line_1_33' title="bbox 113 2611 906 2681; baseline 0.003 -17"><span class='ocrx_word' id='word_1_226' title='bbox 113 2611 242 2681; x_wconf 85' lang='lat' dir='ltr'><strong>Quisquis</strong></span> <span class='ocrx_word' id='word_1_227' title='bbox 260 2628 295 2677; x_wconf 90' lang='lat' dir='ltr'><strong>es,</strong></span> <span class='ocrx_word' id='word_1_228' title='bbox 316 2628 332 2664; x_wconf 93' lang='lat' dir='ltr'><strong>o</strong></span> <span class='ocrx_word' id='word_1_229' title='bbox 350 2611 432 2664; x_wconf 90' lang='lat' dir='ltr'><strong>modo</strong></span> <span class='ocrx_word' id='word_1_230' title='bbox 450 2628 532 2681; x_wconf 90' lang='lat' dir='ltr'><strong>quem</strong></span> <span class='ocrx_word' id='word_1_231' title='bbox 551 2629 585 2665; x_wconf 87' lang='lat' dir='ltr'><strong>ex</strong></span> <span class='ocrx_word' id='word_1_232' title='bbox 604 2611 718 2666; x_wconf 89' lang='lat' dir='ltr'><strong>adverso</strong></span> <span class='ocrx_word' id='word_1_233' title='bbox 737 2612 906 2679; x_wconf 72' lang='lat' dir='ltr'><strong>diceresed,</strong></span> 
     </span>
     <span class='ocr_line' id='line_1_34' title="bbox 77 2687 928 2758; baseline 0.005 -18"><span class='ocrx_word' id='word_1_234' title='bbox 77 2687 138 2742; x_wconf 88' lang='lat' dir='ltr'><strong>Nou</strong></span> <span class='ocrx_word' id='word_1_235' title='bbox 156 2704 206 2756; x_wconf 85' lang='lat' dir='ltr'><strong>ego</strong></span> <span class='ocrx_word' id='word_1_236' title='bbox 224 2705 286 2741; x_wconf 90' lang='lat' dir='ltr'><strong>cum</strong></span> <span class='ocrx_word' id='word_1_237' title='bbox 304 2689 394 2742; x_wconf 89' lang='lat' dir='ltr'><strong>scribo</strong></span> <span class='ocrx_word' id='word_1_238' title='bbox 413 2689 435 2741; x_wconf 93' lang='lat' dir='ltr'><strong>si</strong></span> <span class='ocrx_word' id='word_1_239' title='bbox 453 2688 529 2742; x_wconf 82' lang='lat' dir='ltr'><strong>forte</strong></span> <span class='ocrx_word' id='word_1_240' title='bbox 542 2688 608 2756; x_wconf 91' lang='lat' dir='ltr'><strong>quid</strong></span> <span class='ocrx_word' id='word_1_241' title='bbox 626 2690 717 2758; x_wconf 90' lang='lat' dir='ltr'><strong>aptius</strong></span> <span class='ocrx_word' id='word_1_242' title='bbox 735 2691 799 2757; x_wconf 83' lang='lat' dir='ltr'><strong>exit,</strong></span> <span class='ocrx_word' id='word_1_243' title='bbox 904 2706 928 2744; x_wconf 77' lang='lat' dir='ltr'><strong>so</strong></span> 
     </span>
     <span class='ocr_line' id='line_1_35' title="bbox 77 2764 925 2835; baseline 0.001 -18"><span class='ocrx_word' id='word_1_244' title='bbox 77 2764 248 2832; x_wconf 87' lang='lat' dir='ltr'><strong>Quamquam</strong></span> <span class='ocrx_word' id='word_1_245' title='bbox 260 2765 327 2818; x_wconf 87' lang='lat' dir='ltr'><strong>haec</strong></span> <span class='ocrx_word' id='word_1_246' title='bbox 339 2781 402 2819; x_wconf 87' lang='lat' dir='ltr'><strong>rara</strong></span> <span class='ocrx_word' id='word_1_247' title='bbox 414 2765 474 2819; x_wconf 84' lang='lat' dir='ltr'><strong>avis</strong></span> <span class='ocrx_word' id='word_1_248' title='bbox 483 2769 533 2833; x_wconf 89' lang='lat' dir='ltr'><strong>est,</strong></span> <span class='ocrx_word' id='word_1_249' title='bbox 546 2767 568 2820; x_wconf 93' lang='lat' dir='ltr'><strong>si</strong></span> <span class='ocrx_word' id='word_1_250' title='bbox 579 2765 646 2833; x_wconf 93' lang='lat' dir='ltr'><strong>quid</strong></span> <span class='ocrx_word' id='word_1_251' title='bbox 653 2771 744 2820; x_wconf 88' lang='lat' dir='ltr'><strong>tamen</strong></span> <span class='ocrx_word' id='word_1_252' title='bbox 757 2766 848 2835; x_wconf 90' lang='lat' dir='ltr'><strong>aptius</strong></span> <span class='ocrx_word' id='word_1_253' title='bbox 860 2767 925 2834; x_wconf 84' lang='lat' dir='ltr'><strong>exit,</strong></span> 
     </span>
     <span class='ocr_line' id='line_1_36' title="bbox 76 2839 912 2910; baseline 0.004 -18"><span class='ocrx_word' id='word_1_254' title='bbox 76 2839 197 2893; x_wconf 84' lang='lat' dir='ltr'><strong>Laudari</strong></span> <span class='ocrx_word' id='word_1_255' title='bbox 214 2844 350 2905; x_wconf 90' lang='lat' dir='ltr'><strong>metuam;</strong></span> <span class='ocrx_word' id='word_1_256' title='bbox 367 2858 457 2910; x_wconf 90' lang='lat' dir='ltr'><strong>neque</strong></span> <span class='ocrx_word' id='word_1_257' title='bbox 475 2843 548 2896; x_wconf 88' lang='lat' dir='ltr'><strong>enim</strong></span> <span class='ocrx_word' id='word_1_258' title='bbox 566 2842 632 2895; x_wconf 92' lang='lat' dir='ltr'><strong>mihi</strong></span> <span class='ocrx_word' id='word_1_259' title='bbox 650 2859 749 2896; x_wconf 84' lang='lat' dir='ltr'><strong>cornea</strong></span> <span class='ocrx_word' id='word_1_260' title='bbox 766 2842 837 2895; x_wconf 86' lang='lat' dir='ltr'><strong>fibra</strong></span> <span class='ocrx_word' id='word_1_261' title='bbox 855 2847 912 2895; x_wconf 89' lang='lat' dir='ltr'><strong>est:</strong></span> 
     </span>
     <span class='ocr_line' id='line_1_37' title="bbox 77 2916 789 2987; baseline 0.001 -16"><span class='ocrx_word' id='word_1_262' title='bbox 77 2917 132 2972; x_wconf 81' lang='lat' dir='ltr'><strong>Sed</strong></span> <span class='ocrx_word' id='word_1_263' title='bbox 149 2916 219 2971; x_wconf 89' lang='lat' dir='ltr'><strong>recti</strong></span> <span class='ocrx_word' id='word_1_264' title='bbox 237 2918 373 2986; x_wconf 88' lang='lat' dir='ltr'><strong>finemque</strong></span> <span class='ocrx_word' id='word_1_265' title='bbox 391 2923 599 2987; x_wconf 87' lang='lat' dir='ltr'><strong>extremumque</strong></span> <span class='ocrx_word' id='word_1_266' title='bbox 617 2935 677 2972; x_wconf 90' lang='lat' dir='ltr'><strong>esse</strong></span> <span class='ocrx_word' id='word_1_267' title='bbox 694 2934 789 2972; x_wconf 84' lang='lat' dir='ltr'><strong>recuso</strong></span> 
     </span>
     <span class='ocr_line' id='line_1_38' title="bbox 76 2993 909 3059; baseline 0.001 -13"><span class='ocrx_word' id='word_1_268' title='bbox 76 2993 156 3046; x_wconf 75' lang='lat' dir='ltr'><strong>Eueni</strong></span> <span class='ocrx_word' id='word_1_269' title='bbox 174 2998 252 3047; x_wconf 90' lang='lat' dir='ltr'><strong>tuum</strong></span> <span class='ocrx_word' id='word_1_270' title='bbox 270 2996 299 3046; x_wconf 87' lang='lat' dir='ltr'><strong>et</strong></span> <span class='ocrx_word' id='word_1_271' title='bbox 316 3009 415 3048; x_wconf 82' lang='lat' dir='ltr'><strong>annun.</strong></span> <span class='ocrx_word' id='word_1_272' title='bbox 451 2995 526 3049; x_wconf 88' lang='lat' dir='ltr'><strong>Nam</strong></span> <span class='ocrx_word' id='word_1_273' title='bbox 540 2994 611 3049; x_wconf 89' lang='lat' dir='ltr'><strong>belle</strong></span> <span class='ocrx_word' id='word_1_274' title='bbox 628 2994 680 3049; x_wconf 92' lang='lat' dir='ltr'><strong>hoc</strong></span> <span class='ocrx_word' id='word_1_275' title='bbox 697 2999 796 3049; x_wconf 83' lang='lat' dir='ltr'><strong>excute</strong></span> <span class='ocrx_word' id='word_1_276' title='bbox 812 2997 909 3059; x_wconf 84' lang='lat' dir='ltr'><strong>totum,</strong></span> 
     </span>
     <span class='ocr_line' id='line_1_39' title="bbox 74 3069 926 3128; baseline 0.008 -10"><span class='ocrx_word' id='word_1_277' title='bbox 74 3069 147 3128; x_wconf 69' lang='lat' dir='ltr'><strong>Quid</strong></span> <span class='ocrx_word' id='word_1_278' title='bbox 163 3087 219 3120; x_wconf 84' lang='lat' dir='ltr'><strong>non</strong></span> <span class='ocrx_word' id='word_1_279' title='bbox 235 3071 313 3123; x_wconf 84' lang='lat' dir='ltr'><strong>intus</strong></span> <span class='ocrx_word' id='word_1_280' title='bbox 324 3070 427 3126; x_wconf 79' lang='lat' dir='ltr'><strong>habeti</strong></span> <span class='ocrx_word' id='word_1_281' title='bbox 463 3073 525 3126; x_wconf 80' lang='lat' dir='ltr'><strong>Non</strong></span> <span class='ocrx_word' id='word_1_282' title='bbox 543 3071 588 3125; x_wconf 89' lang='lat' dir='ltr'><strong>hio</strong></span> <span class='ocrx_word' id='word_1_283' title='bbox 605 3075 648 3126; x_wconf 89' lang='lat' dir='ltr'><strong>est</strong></span> <span class='ocrx_word' id='word_1_284' title='bbox 666 3072 734 3126; x_wconf 88' lang='lat' dir='ltr'><strong>Ilias</strong></span> <span class='ocrx_word' id='word_1_285' title='bbox 752 3071 821 3126; x_wconf 86' lang='lat' dir='ltr'><strong>Acci</strong></span> <span class='ocrx_word' id='word_1_286' title='bbox 901 3085 926 3125; x_wconf 78' lang='lat' dir='ltr'><strong>so</strong></span> 
     </span>
     <span class='ocr_line' id='line_1_40' title="bbox 48 3135 727 3220; baseline 0.022 -33"><span class='ocrx_word' id='word_1_287' title='bbox 48 3135 140 3215; x_wconf 64' lang='lat' dir='ltr'><strong>Iernb</strong></span> <span class='ocrx_word' id='word_1_288' title='bbox 163 3146 296 3197; x_wconf 73' lang='lat' dir='ltr'><strong>veratro?</strong></span> <span class='ocrx_word' id='word_1_289' title='bbox 313 3162 371 3200; x_wconf 88' lang='lat' dir='ltr'><strong>uon</strong></span> <span class='ocrx_word' id='word_1_290' title='bbox 389 3149 415 3202; x_wconf 93' lang='lat' dir='ltr'><strong>si</strong></span> <span class='ocrx_word' id='word_1_291' title='bbox 434 3166 491 3220; x_wconf 89' lang='lat' dir='ltr'><strong>qua</strong></span> <span class='ocrx_word' id='word_1_292' title='bbox 510 3148 629 3219; x_wconf 84' lang='lat' dir='ltr'><strong>elegidia</strong></span> <span class='ocrx_word' id='word_1_293' title='bbox 646 3148 727 3203; x_wconf 86' lang='lat' dir='ltr'><strong>erudi</strong></span> 
     </span>
    </p>

    <p class='ocr_par' dir='ltr' id='par_1_16' title="bbox 7 3199 853 3319">
     <span class='ocr_line' id='line_1_41' title="bbox 7 3199 853 3304; baseline 0.032 -55"><span class='ocrx_word' id='word_1_294' title='bbox 7 3199 193 3291; x_wconf 48' lang='lat' dir='ltr'><strong>‚LDmtaruat</strong></span> <span class='ocrx_word' id='word_1_295' title='bbox 206 3224 370 3285; x_wconf 69' lang='lat' dir='ltr'><strong>proceres?</strong></span> <span class='ocrx_word' id='word_1_296' title='bbox 387 3242 447 3285; x_wconf 82' lang='lat' dir='ltr'><strong>uon</strong></span> <span class='ocrx_word' id='word_1_297' title='bbox 463 3227 609 3304; x_wconf 66' lang='lat' dir='ltr'><strong>quecquid</strong></span> <span class='ocrx_word' id='word_1_298' title='bbox 625 3226 752 3296; x_wconf 87' lang='lat' dir='ltr'><strong>denique</strong></span> <span class='ocrx_word' id='word_1_299' title='bbox 765 3222 853 3278; x_wconf 78' lang='lat' dir='ltr'><strong>lectis</strong></span> 
     </span>
    </p>
   </div>
   <div class='ocr_carea' id='block_1_5' title="bbox 0 0 1024 3510">
    <p class='ocr_par' dir='ltr' id='par_1_17' title="bbox 0 0 1024 3510">
     <span class='ocr_line' id='line_1_42' title="bbox 0 0 1024 3510; baseline 0 1"><span class='ocrx_word' id='word_1_300' title='bbox 0 0 1024 3510; x_wconf 95' lang='lat' dir='ltr'><strong> </strong></span> 
     </span>
    </p>
   </div>
  </div>
 </body>
</html>
