2040 3510
82 158 112 218 76,
313 156 345 206 D.
363 157 470 215 JUNII
486 157 696 208 JUVENALIS

80 243 178 313 Coepit
196 259 258 298 cum
278 243 376 312 ventis,
387 242 510 297 imitatus
531 247 645 312 castora,
667 244 715 313 qui
733 259 764 298 se
867 294 874 298 .

80 320 241 375 Eunuchum
259 319 318 388 ipse
336 319 403 372 facit
423 320 535 388 cupiens
553 319 670 374 evadere
691 319 790 374 damno
906 336 930 375 ss

78 397 221 452 'resticula
246 396 316 450 adeo
337 395 505 448 medicatum
527 395 656 463 intelligit
675 397 783 463 inguen.

79 472 220 527 “Fundite
242 488 312 540 quae
330 488 393 526 mea
409 472 496 540 sunt,”
509 471 626 538 dicebat,
645 471 783 537 “cuncta”
798 471 929 531 Catullus,

80 548 266 618 Praecipitare
285 548 378 602 volens
397 549 479 603 otiam
499 548 670 618 pulcerrima,
689 551 794 601 vestem

79 625 248 694 Purpuream
271 626 372 680 tenoris
391 642 500 695 quoque
519 625 724 679 Maecenatibus
743 628 843 692 aptam,

80 703 175 771 Atque
195 702 261 756 alias
281 719 396 771 quarum
415 701 538 769 generosi
557 701 687 770 graminis
705 700 793 769 ipsum
905 713 930 754 so

80 777 179 832 Infecit
198 781 297 832 natura
315 795 406 848 pecus,
423 779 471 833 sed
493 782 522 832 et
541 777 666 846 egregius
678 776 739 829 sons

78 853 191 908 Viribus
210 854 322 908 occultis
342 858 371 908 ot
392 853 520 908 Baeticus
541 853 655 922 adjuvat
675 868 729 905 aer.

79 928 132 982 Ille
149 945 199 983 nec
218 933 362 998 argentum
384 929 530 984 dubitabat
550 930 669 994 mittere,
689 927 779 981 lances

80 1005 227 1059 Parthenio
248 1005 341 1072 factas,
359 1022 445 1059 urnae
465 1008 572 1059 cratera
593 1021 719 1073 capacem

78 1080 115 1135 Et
135 1081 246 1150 dignum
265 1081 377 1136 sitiente
397 1081 482 1135 Pholo
501 1081 544 1135 vel
563 1081 679 1150 conjugo
699 1080 795 1147 Eusci3
905 1096 930 1134 as

79 1156 162 1211 Adde
181 1162 211 1212 et
228 1157 379 1212 bascaudas
400 1162 429 1210 et
447 1158 522 1213 mille
541 1157 647 1225 escalia,
668 1157 784 1210 multum

79 1232 183 1287 Caelati
205 1234 314 1288 biberat
332 1251 387 1303 quo
406 1233 519 1287 callidam
538 1237 626 1288 emtor
647 1232 765 1301 Olynthi.

78 1308 133 1363 Sed
153 1310 215 1378 quis
234 1325 306 1363 nunc
326 1310 395 1364 alius
416 1327 471 1378 qua
488 1310 583 1363 mundi
604 1314 692 1379 parte,
705 1309 766 1378 quis
786 1309 872 1364 audet

78 1386 202 1452 Argento
222 1385 363 1454 praeferre
384 1388 466 1454 caput
487 1384 624 1452 rebusque
646 1386 779 1439 salutem?

78 1460 140 1513 Non
159 1467 273 1530 propter
292 1461 375 1515 vitam
396 1461 497 1516 iaciunt
516 1462 681 1532 patrimonia
698 1461 819 1531 quidam,
906 1475 930 1515 so

78 1535 134 1589 Sed
151 1536 217 1590 vitio
238 1537 312 1591 caeci
330 1543 445 1607 propter
464 1538 628 1607 patrimonia
647 1538 749 1592 vivunt.

78 1611 208 1666 «Iactatur
226 1630 318 1667 rorum
338 1613 447 1667 utilium
465 1631 530 1684 pars
551 1614 683 1679 maxima3
707 1614 756 1667 sed
775 1628 826 1667 nec

79 1687 185 1742 Damna
207 1689 304 1744 levant
340 1691 416 1744 Tunc
437 1689 559 1745 adversis
577 1690 739 1758 urgentibus
759 1689 823 1743 illuc

78 1762 191 1818 Decidit
210 1768 243 1819 ut
261 1766 363 1820 malum
383 1766 456 1820 ferro
476 1767 675 1832 summitteret;
699 1765 750 1820 hac
769 1782 800 1819 re

78 1838 204 1909 Explicat
222 1845 384 1910 angustum3
407 1842 569 1897 discriminis
588 1842 685 1896 ultima
704 1841 814 1911 quando
904 1857 928 1897 5⁵

79 1913 221 1971 Praesidia
239 1919 377 1972 afferimus
395 1936 492 1973 navem
511 1919 618 1973 factura
636 1920 775 1973 minorem.

78 1992 92 2045 I
112 2009 182 2046 nunc
201 1997 230 2047 et
249 1995 337 2049 ventis
355 1996 473 2049 animam
492 1996 633 2050 committe
652 1995 744 2049 dolato

78 2067 201 2122 Confisus
220 2069 301 2140 ligno,
322 2070 417 2140 digitis
435 2089 452 2125 a
471 2077 558 2125 morte
577 2075 698 2126 remotus

79 2144 202 2209 Quatuor
220 2149 269 2200 aut
289 2150 405 2216 septem,
416 2147 439 2200 si
461 2147 497 2200 sit
516 2147 647 2200 latissima
665 2147 755 2202 taeda

78 2221 144 2274 Mox
165 2238 227 2276 cum
247 2223 368 2295 reticulis
389 2226 419 2276 et
439 2240 510 2291 pane
529 2226 559 2276 et
579 2227 675 2277 ventre
693 2223 806 2292 lagenae
904 2239 929 2278 ao

79 2295 181 2365 Aspice
200 2298 346 2354 sumendas
364 2296 393 2352 in
412 2302 578 2368 tempestate
597 2316 711 2354 secures.

78 2372 134 2427 Sed
150 2377 296 2443 postquam
309 2374 399 2445 jacuit
416 2375 527 2443 planum
542 2392 626 2445 mare,
644 2379 767 2447 tempora
782 2381 927 2449 postquam

79 2449 215 2519 Prospera
231 2451 349 2506 vectoris
366 2452 509 2521 fatumque
528 2451 664 2507 valentius
683 2454 757 2508 Euro

78 2525 115 2581 Et
135 2526 248 2597 pelago;
270 2531 417 2597 postquam
438 2529 539 2582 Parcae
558 2528 671 2583 meliora
690 2528 809 2598 benigna

79 2602 168 2658 Pensa
187 2620 270 2658 manu
289 2603 392 2659 ducunt
412 2603 513 2658 hilares
533 2608 563 2659 ot
582 2606 707 2660 staminis
726 2605 781 2659 albi
904 2618 927 2657 os

79 2679 222 2746 Lanificae,
240 2679 347 2735 modica
365 2698 416 2735 nec
435 2680 552 2735 multum
571 2681 668 2736 fortior
683 2698 751 2736 aura

78 2755 185 2810 Ventus
202 2756 296 2813 adest:
320 2757 393 2827 inopi
411 2757 573 2811 miserabilis
591 2762 651 2812 arte
671 2756 790 2812 cucurrit

79 2831 211 2886 Vestibus
230 2834 352 2889 extentis
370 2837 407 2902 et,
427 2833 501 2904 quod
521 2837 697 2904 superaverat
715 2848 807 2896 unum,

79 2908 150 2962 Velo
169 2926 251 2978 prora
270 2926 325 2965 suo.
361 2911 426 2964 Jam
445 2910 634 2965 deficientibus
655 2909 766 2964 Austris

79 2984 148 3054 Spes
166 2985 239 3040 vitae
257 3002 319 3040 cum
338 2986 394 3042 sole
413 2986 497 3040 redit:
523 2990 582 3042 tum
601 2989 696 3054 gratus
715 2984 784 3052 Iulo,
905 3000 930 3042 ro

78 3064 175 3126 Atque
193 3063 329 3117 novercali
347 3063 427 3118 sedes
444 3063 569 3132 praelata
588 3062 699 3129 Lavino,

62 3131 244 3196 Conspicitur
259 3137 388 3195 sublimis
407 3155 488 3209 apex,
509 3137 555 3194 oui
573 3136 693 3193 candida
709 3151 811 3190 nomen

20 3194 141 3285 :Semta
163 3205 256 3276 dssdft
276 3211 364 3279 laetis
383 3215 550 3288 Phrygibus
568 3213 702 3272 mbabile
721 3227 832 3279 sumen,
