2040 3510
109 174 141 223 34
343 175 376 224 D.
394 175 499 224 JUNII
515 175 721 224 JUVENALIS

109 263 192 320 'lecta
210 265 288 320 labor
306 266 447 335 somnique
466 265 563 320 breves
583 268 612 319 et
630 266 730 321 'vellere
749 266 834 320 'lusce

108 340 234 396 Vexatae
252 343 392 410 duraeque
410 359 505 395 manus
524 358 555 395 ac
573 343 713 411 proximus
732 343 801 396 Urbi
920 357 957 396 aaa

109 417 248 471 Hannibal
266 423 296 472 et
314 421 418 472 stantes
438 417 543 471 Collina
560 422 637 472 turre
655 420 752 474 mariti
797 416 804 422 ’

109 494 188 548 Nunc
206 495 326 563 patimur
345 495 441 562 longae
460 495 533 564 pacis
552 495 637 560 mala;
659 496 763 548 saevior
781 495 863 549 armis

109 571 231 624 Luxuria
249 571 372 625 incubuit
391 572 547 639 victumque
566 571 706 625 ulciscitur
725 573 828 627 orbem.

109 647 221 702 Nullum
240 648 341 701 crimen
360 648 438 701 abest
456 648 612 716 facinusque
631 648 750 702 libidinis
769 666 802 703 ex
822 665 876 718 quo

109 724 261 794 Paupertas
281 725 403 778 Romana
421 724 506 793 perit:
527 723 589 778 hinc
607 725 687 779 fluxit
705 726 741 778 ad
759 727 826 780 istos
918 740 955 779 aas

109 801 146 854 Et
165 801 275 869 Sybaris
293 801 382 868 colles,
401 801 463 854 hinc
482 806 512 856 et
532 801 643 855 Rhodos
663 807 691 855 et
711 802 821 856 Miletos

109 879 204 946 Atque
223 888 380 932 coronatum
400 882 428 932 et
446 881 573 949 petulans
588 880 783 948 madidumque
799 880 952 934 Tarentum.

109 954 201 1008 Prima
219 957 375 1024 peregrinos
395 956 512 1011 obscena
531 959 647 1027 pecunia
665 973 753 1010 mores

108 1030 215 1099 Intulit,
235 1035 264 1085 et
282 1033 357 1100 turpi
377 1033 520 1101 fregerunt
539 1034 629 1088 secula
649 1034 716 1087 luxu

107 1107 227 1162 Divitiae
245 1109 345 1162 molles.
383 1109 455 1175 Quid
473 1110 545 1163 enim
563 1110 656 1163 Venus
676 1109 752 1163 ebria
771 1114 865 1165 curati
918 1126 954 1164 ooo

108 1183 232 1252 Inguinis
249 1190 279 1239 et
298 1186 394 1254 capitis
414 1203 483 1253 quae
503 1186 558 1239 sint
576 1186 732 1239 discrimina
750 1186 843 1253 nescit,

107 1259 229 1314 Grandia
248 1279 318 1329 quae
337 1261 434 1315 mediis
449 1261 508 1330 jam
527 1261 652 1316 noctibus
671 1266 762 1315 ostrea
781 1263 897 1328 mordet,

108 1335 197 1400 Quum
215 1338 326 1406 perfusa
343 1354 418 1391 mero
437 1343 569 1406 spumant,
583 1342 723 1406 unguenta
742 1338 865 1404 Falerno,

108 1413 197 1478 Quum
215 1413 323 1468 bibitur·
338 1413 445 1480 concha
465 1431 548 1482 quum
562 1414 622 1482 jam
640 1415 774 1482 vertigine
793 1417 896 1468 tectum

107 1490 240 1543 Ambulat
258 1494 287 1544 et
305 1491 421 1559 geminis
437 1492 561 1559 exsurgit
578 1507 671 1544 mensa
689 1491 813 1547 lucernis.
917 1507 952 1544 sos

107 1565 121 1618 I
141 1583 212 1620 nunc
231 1570 260 1621 et
279 1568 377 1621 dubita
395 1585 449 1637 qua
468 1567 579 1622 sorbeat
597 1584 661 1622 aera
679 1584 763 1620 sanna

106 1642 200 1712 Tullia,
218 1643 285 1713 quid
303 1644 378 1698 dicat
396 1648 480 1698 notae
495 1644 618 1699 collactia
637 1645 759 1710 Maurae,

107 1720 203 1774 Maura
222 1720 374 1776 Pudicitiae
393 1726 514 1776 veterem
533 1739 620 1790 quum
636 1722 770 1793 praeterit
789 1737 870 1774 aram.

107 1795 240 1851 Noctibus
258 1798 302 1851 hic
321 1802 425 1867 ponunt
443 1798 561 1866 lecticas,
580 1799 740 1851 micturiunt
758 1797 808 1864 hic,

106 1873 284 1942 Effigiemque
303 1875 379 1929 Deae
397 1874 490 1942 longis.
502 1874 660 1944 siphonibus
679 1874 800 1941 implent,
915 1891 951 1927 310

107 1947 195 2017 Inque
214 1951 285 2002 vices
303 1951 428 2017 equitant
449 1966 480 2003 ac
500 1951 577 2002 Lama
595 1954 668 2004 teste
686 1952 835 2001 moventur.

107 2022 176 2078 Inde
194 2026 288 2078 domos
306 2026 422 2080 abeunt:
439 2029 471 2078 tu
489 2026 576 2078 calcas
592 2025 652 2078 luce
670 2040 779 2078 reversa

107 2099 236 2169 (lonjugis
254 2101 360 2154 urinam
378 2118 490 2169 magnos
507 2101 612 2154 visurus
630 2101 736 2153 amicos.

105 2174 180 2230 Nota
198 2177 290 2230 Bonae
308 2181 414 2231 secreta
431 2178 513 2241 Deae,
532 2193 615 2243 quum
633 2177 702 2229 tibia
719 2177 824 2230 lumbos

107 2253 208 2307 Incitat
225 2256 254 2306 et
271 2269 354 2306 cornu
371 2253 475 2323 pariter
491 2252 607 2320 vinoque
624 2253 749 2306 feruntur
914 2269 950 2307 315

107 2329 250 2383 Attonitae
268 2329 423 2397 crinemque
440 2332 534 2382 rotant
550 2328 711 2397 ululantque
730 2329 859 2398 Priapum

106 2405 260 2459 Maenades.
297 2405 320 2458 O
339 2410 456 2473 quantus
473 2410 538 2459 tunc
556 2404 609 2457 illis
626 2405 764 2459 mentibus
782 2406 864 2458 ardor

106 2482 284 2536 Concubitus!
308 2498 377 2551 quae
395 2498 447 2534 vox
465 2481 582 2534 saltante
599 2481 724 2536 libidine!
747 2486 866 2550 quantus

106 2559 157 2612 llle
175 2559 244 2612 meri
261 2558 362 2613 veteris
378 2574 429 2628 per
446 2574 525 2611 crura
543 2557 681 2611 madentia
698 2561 820 2612 torrens!

106 2635 243 2689 benenom
261 2634 370 2689 ancillas
387 2634 476 2704 posita
492 2635 601 2688 Saufeia
618 2652 714 2689 corona
913 2649 949 2687 mo

100 2710 237 2765 'Provocat
255 2715 283 2765 et
300 2710 373 2765 tollit
388 2710 534 2779 pendentis
551 2712 672 2780 praemia
689 2728 785 2766 coxae:

105 2786 170 2856 Ipsa
187 2788 354 2842 Medullinae
371 2788 482 2841 fluctum
500 2786 637 2841 crissantis
654 2788 757 2842 adorat

105 2863 226 2917 Palmam
243 2865 315 2918 inter
332 2864 454 2918 dominas
471 2865 558 2918 virtus
576 2864 713 2918 natalibus
729 2867 837 2932 aequat

104 2940 150 2994 Nil
167 2941 206 2994 ibi
224 2959 273 3010 per
290 2942 385 2996 ludum
403 2941 587 2995 simulabitur:
607 2941 696 2994 omnia
714 2941 780 2995 fient

105 3018 152 3070 Ad
169 3035 272 3086 rerum,
290 3018 389 3088 quibus
406 3019 514 3072 incendi
525 3017 586 3086 jam
603 3018 718 3085 frigidus
736 3033 801 3071 aevo
912 3033 948 3072 aas

89 3093 344 3150 Laomedontiades
363 3099 393 3151 et
409 3095 537 3150 Nestoris
553 3094 649 3148 hernia
664 3093 755 3162 possit.

73 3161 103 3210 Τ
98 3178 155 3217 11110
166 3171 292 3238 prurigo
308 3190 408 3229 morae
424 3173 587 3246 impatiens,
603 3175 673 3226 tuuc
688 3170 795 3223 lamina
809 3169 936 3236 simplex.

61 3228 89 3282 lt
108 3241 173 3292 toto
188 3248 310 3314 pariter
326 3252 479 3322 repetitus
496 3251 608 3308 clamor
627 3249 665 3303 ab
682 3250 784 3302 antro:
