2040 3510
83 169 114 216 30
313 168 346 216 D.
362 167 381 216 J
385 167 438 217 ΠΝ
442 167 469 214 lI
485 167 504 216 J
510 165 695 216 UVENALIS

87 253 200 320 Clausit,
218 252 307 307 adhuc
325 252 424 306 ardens
442 253 546 320 rigidae
564 252 698 321 tentigine
715 253 820 317 vulvae,

87 330 123 384 Et
140 330 241 384 lassata
258 329 329 396 viris,
348 345 398 382 nec
417 329 482 381 dum
500 329 604 395 satiata,
623 329 744 395 recessit,
904 345 940 384 1ao

87 405 269 473 Obscurisque
287 406 366 473 genis
383 405 471 473 turpis
488 405 618 474 fumoque
635 405 762 458 lucernae

87 481 181 536 Foeda
198 482 335 550 lupanaris
353 481 419 535 tulit
435 481 471 533 ad
489 480 614 550 pulvinar
632 481 750 535 odorem.

121 558 309 627 Hippomanes
327 573 492 624 carmenque
510 557 606 626 loquar
624 560 786 626 coctumque
803 573 940 612 venenum

87 633 271 701 Privignoque
289 632 403 686 datuml
440 632 557 686 Faciunt
574 634 699 701 graviora
716 637 827 688 coactae

86 709 207 779 Imperio
226 726 308 763 sexus
326 709 523 778 minimumque
540 708 653 762 libidine
672 712 796 778 peccant.
903 723 939 763 155

121 785 233 856 Optima
251 785 300 838 sed
318 801 404 852 quare
423 785 580 852 Caesennia,
600 788 673 838 teste
691 785 808 840 maritol

87 863 135 916 Bis
153 862 303 931 quingenta
321 861 415 927 dedit;
432 863 502 916 tanti
521 865 601 915 vocat
618 862 663 915 ille
681 860 816 930 pudicam.

86 939 112 992 N
114 956 145 992 ec
163 935 282 992 Veneris
299 938 436 1006 pharetris
455 955 546 992 macer
564 942 607 991 est
625 941 673 991 aut
691 936 819 1006 lampade
834 936 939 1001 fervet3

87 1015 157 1068 Inde
174 1015 247 1070 faces
264 1014 371 1078 ardent,
390 1015 504 1068 veniunt
521 1031 539 1067 a
556 1015 622 1068 dote
639 1014 763 1081 sagittae.

86 1090 212 1145 Libertas
230 1090 343 1145 emitur:
362 1107 453 1144 eoram
470 1091 534 1144 licet
550 1091 647 1143 innuat
664 1093 748 1158 atque
903 1103 939 1142 140

87 1167 243 1221 Rescribat:
261 1165 344 1220 vidua
362 1170 405 1220 est
422 1167 541 1236 locuples
557 1182 627 1235 quae
645 1165 738 1231 nupsit
755 1180 843 1218 avaro.

86 1243 142 1297 Gur
160 1242 295 1296 desiderio
314 1242 429 1295 Bibulae
449 1242 585 1295 Sertorius
603 1242 701 1295 ardetl
790 1261 792 1266 ·

87 1319 116 1373 Si
133 1336 228 1374 verum
246 1318 376 1386 excutias,
394 1317 477 1372 facies
494 1334 548 1370 non
566 1334 635 1371 uxor
653 1319 774 1370 amatur:

86 1396 152 1450 Tres
169 1411 254 1462 rugae
271 1395 387 1448 subeant
405 1397 435 1447 et
452 1410 481 1447 se
499 1394 569 1448 cutis
587 1393 665 1447 arida
682 1393 766 1457 laxet,

87 1472 168 1525 Fiant
185 1471 293 1524 obscuri
311 1469 408 1523 dentes
426 1469 551 1538 oculique
568 1469 695 1535 minores,
901 1481 938 1520 145

87 1547 212 1615 “Collige
230 1545 401 1611 sarcinulas,”
419 1545 494 1599 dicet
511 1546 633 1614 libertus,
653 1547 703 1599 “et
720 1543 782 1605 exi;

86 1625 104 1677 J
106 1640 149 1676 am
166 1623 255 1692 gravis
272 1639 303 1676 es
319 1622 397 1676 nobis
414 1626 443 1676 et
460 1639 541 1691 saepe
559 1622 728 1690 emungeris3
746 1621 791 1673 exi

86 1700 167 1754 Ocius
185 1703 215 1753 et
231 1715 360 1768 propera:
378 1699 448 1753 sicco
466 1699 541 1753 venit
558 1699 646 1753 altera
663 1697 751 1752 nas0.''

86 1777 198 1831 Interea
215 1775 287 1847 calet
304 1779 334 1829 et
351 1779 450 1842 regnat
468 1775 611 1845 poscitque
628 1775 757 1828 maritum

86 1853 212 1907 Pastores
229 1855 259 1906 et
276 1868 354 1907 ovem
374 1851 538 1905 Canusinam
555 1852 697 1920 ulmosque
716 1850 853 1905 Falernas.
901 1864 936 1902 150

86 1930 254 1995 Quantulum
270 1928 298 1980 in
316 1928 382 1982 hoc!
420 1928 522 1981 Pueros
540 1944 641 1993 omnes,
660 1927 798 1994 ergastula
815 1931 889 1989 tota;

86 2005 219 2075 Quodque
238 2003 312 2058 domi
331 2021 386 2056 non
405 2007 447 2058 est
467 2007 495 2057 et
514 2003 597 2057 habet
616 2003 718 2057 vicinus
737 2009 851 2057 ematur.

86 2082 181 2136 Mense
200 2080 310 2150 quidem
330 2079 450 2145 brumae,
470 2096 554 2146 quum
571 2080 631 2147 jam
650 2084 787 2133 mercator
808 2080 888 2134 lason

86 2157 200 2212 Clausus
218 2160 248 2210 et
266 2155 379 2208 armatis
398 2155 491 2208 obstat
510 2171 572 2209 casa
591 2154 709 2209 candida
727 2156 826 2222 nautis,

86 2233 207 2288 Grandia
227 2232 361 2285 tolluntur
380 2230 543 2300 crystallina,
563 2232 683 2284 maxima
704 2248 796 2285 rursus
900 2247 935 2287 155

86 2309 215 2374 Murrina,
236 2305 335 2360 deinde
355 2306 465 2359 adamas
483 2306 639 2360 notissimus
658 2310 688 2360 et
708 2307 853 2363 Beronices

86 2384 119 2437 In
141 2384 227 2452 digito
245 2383 334 2436 factus
354 2382 511 2450 pretiosior:
530 2382 602 2437 hunc
623 2383 703 2437 dedit
723 2384 787 2437 olim

86 2459 223 2513 Barbarus
241 2459 369 2526 incestae,
387 2457 466 2512 dedit
485 2458 557 2512 hunc
578 2459 702 2529 Agrippa
721 2461 814 2529 sorori,

65 2562 67 2567 ·
86 2535 239 2590 Observant
258 2534 303 2588 ubi
322 2534 394 2589 festa
413 2551 488 2588 mero
507 2535 579 2604 pede
599 2535 712 2590 sabbata
730 2553 810 2604 reges

85 2613 123 2666 Et
141 2615 220 2665 vetus
239 2609 364 2678 indulget
385 2611 494 2665 senibus
515 2612 660 2666 clementia
677 2612 773 2682 porcis.
898 2626 934 2664 151

119 2687 235 2741 Nullane
254 2686 289 2740 de
308 2687 393 2740 tantis
411 2687 540 2755 gregibus
556 2688 607 2741 tibi
627 2689 710 2756 digna
728 2688 853 2742 videturl

86 2762 128 2816 Sit
146 2763 270 2828 formosa,
290 2762 397 2830 decens,
418 2763 501 2832 dives,
520 2764 645 2832 fecunda,
662 2766 784 2818 vetustos

86 2839 239 2893 Porticibus
259 2839 386 2907 disponat
405 2856 476 2907 avos,
495 2841 624 2894 intactior
642 2840 715 2894 omni

86 2914 212 2970 Crinibus
231 2915 322 2969 effiisis
340 2915 442 2969 bellum
462 2916 606 2971 dirimente
625 2916 731 2985 Sabina,

86 2992 160 3046 Rara
178 2992 235 3045 avis
252 2991 280 3045 in
298 2992 380 3046 terris
398 2992 531 3062 nigroque
549 2993 684 3046 simillima
702 3008 800 3062 cygno:
898 3010 933 3048 105

86 3067 152 3130 Quis
170 3068 242 3121 ferat
260 3084 374 3121 uxorem
393 3069 436 3121 cui
455 3073 582 3123 constant
600 3069 707 3124 omnial
742 3069 825 3138 Malo,

64 3137 146 3219 {dale
172 3141 338 3194 Venusinam
360 3161 444 3212 qnam
466 3149 501 3213 te,
523 3146 673 3201 Oonnnnm
690 3161 791 3200 1111155

49 3201 268 3280 ‘'WWOWG
288 3215 317 3268 si
336 3234 402 3275 cum
423 3223 539 3293 magnis
557 3221 716 3280 virtutibus
734 3222 820 3279 alters
