2018 3578
423 182 555 231 SATIRA
572 182 621 231 VI.

97 272 156 325 Aut
173 268 247 339 apud
265 269 368 324 Isiacae
385 271 476 340 potins
494 272 613 326 sacraria
629 271 714 340 lenae,

98 347 223 416 Disponit
240 347 350 411 crinem,
368 346 493 401 laceratis
510 347 570 415 ipsa
592 348 703 416 capillis,
910 360 946 400 000

99 422 182 476 Nuda
201 423 314 476 humero
332 423 430 476 Psecas
448 423 541 477 infelix
560 424 693 491 nudisque
712 423 847 478 mamillis.

96 498 209 552 “Altior
226 499 270 552 hie
288 515 373 566 quare
391 499 566 553 cincinnusi'’
602 500 707 553 Taurea
727 500 807 568 punit

97 573 232 627 Continuo
250 575 314 628 flexi
332 575 434 628 crimen
452 576 610 644 facinusque
627 576 725 644 capilli.

96 650 170 713 Quid
188 651 286 704 Psecas
303 650 431 705 admisiti
450 669 583 719 quaenam
601 656 643 706 est
661 652 704 705 hic
721 653 799 721 culpa
817 652 925 722 puellae

96 726 123 779 Si
142 727 193 780 tibi
211 726 351 794 displicuit
369 743 451 780 nasus
468 730 547 782 tunsi
585 728 682 782 Altera
698 729 805 782 laevum
909 743 945 782 405

97 802 231 856 Extendit
248 803 389 871 pectitque
407 819 497 856 comas
514 807 543 858 et
560 804 644 858 volvit
661 804 689 856 in
707 804 807 858 orbem.

97 878 147 930 Est
165 879 193 931 in
211 879 321 932 oonsilio
338 883 463 932 materna
480 879 647 946 admotaque
670 880 740 934 lanis

98 955 219 1008 Emerita
237 971 307 1024 quae
324 958 412 1009 cessat
428 972 490 1009 acu:
509 956 646 1010 sententia
663 957 751 1024 prima

98 1031 189 1098 Hujus
206 1032 275 1097 erit;
292 1037 354 1101 post
372 1032 442 1086 hanc
459 1036 550 1087 aetate
567 1037 651 1101 atque
669 1039 727 1086 arte
744 1034 861 1087 minores

97 1107 260 1175 Censebunt,
278 1111 411 1176 tanquam
428 1110 517 1163 famae
535 1109 681 1163 discrimen
699 1113 796 1176 agatur
910 1123 945 1163 500

97 1186 155 1238 Aut
172 1186 291 1240 animae:
309 1189 388 1239 tanta
405 1189 448 1240 est
465 1186 614 1255 quaerendi
631 1203 697 1239 cura
713 1186 825 1252 decoris,

96 1260 146 1315 Tot
163 1263 264 1330 premit
281 1262 428 1329 ordinibus,
447 1266 490 1317 tot
508 1263 597 1317 adhuc
615 1262 790 1330 compagibus
808 1263 894 1316 altum

96 1338 235 1392 Aedificat
253 1343 341 1407 eaput.
379 1337 592 1393 Andromachen
609 1357 626 1393 a
643 1340 733 1393 fronte
751 1339 864 1404 videbis,

96 1414 162 1469 Post
179 1416 268 1468 minor
284 1419 342 1480 est;
360 1415 456 1469 credas
474 1416 561 1470 aliam.
597 1416 680 1483 Cedo,
699 1417 721 1469 si
739 1416 822 1470 breve
840 1415 918 1484 parvi

95 1490 199 1545 Sortita
217 1496 259 1545 est
276 1492 370 1545 lateris
386 1493 507 1559 spatium
525 1492 687 1560 breviorque
704 1492 814 1546 videtur
909 1507 945 1546 505

95 1566 210 1634 Virgine
230 1568 372 1635 Pygmaea,
390 1567 473 1620 nullis
489 1567 586 1636 adjuta
604 1567 750 1633 cothurnis,

96 1642 133 1695 Et
151 1643 216 1695 levis
233 1645 325 1696 erecta
342 1644 481 1710 consurgit
499 1644 535 1697 ad
552 1644 642 1697 oscula
658 1643 770 1711 plantat

95 1718 179 1773 Nulla
196 1719 246 1772 viri
265 1734 331 1772 eura
346 1718 460 1785 interea,
479 1736 529 1772 neo
546 1720 649 1773 mentio
666 1720 715 1773 fiet

96 1794 276 1848 Damnorum:
294 1794 362 1846 vivit
380 1798 510 1863 tanquam
527 1795 615 1848 vieim
632 1795 737 1860 marito,

95 1870 157 1923 Hoc
175 1870 231 1923 solo
248 1870 368 1940 propior,
387 1871 462 1938 quod
478 1871 577 1925 amicos
595 1872 716 1941 conjugis
734 1870 793 1925 odit
910 1885 945 1925 510

96 1946 131 1999 Et
148 1963 247 2013 servos,
265 1947 356 2014 gravis
374 1950 417 2000 est
433 1947 592 2001 rationibus.
629 1948 699 2019 lione
716 1947 832 2001 furentis

95 2022 223 2076 Bellonae
240 2023 393 2091 matrisque
410 2021 492 2077 deum
510 2023 608 2077 chorus
625 2024 711 2079 intrat
729 2027 758 2077 et
775 2024 872 2092 iugens

94 2099 215 2166 Semivir,
233 2099 349 2153 obsoeno
366 2099 450 2153 facies
467 2099 618 2154 reverenda
635 2099 739 2168 minori,

94 2175 187 2228 Mollia
205 2176 253 2244 qui
270 2180 350 2244 rapta
368 2175 455 2230 secuit
473 2176 603 2244 genitalia
620 2181 693 2231 testa

93 2251 112 2304 J
114 2268 158 2304 am
176 2251 291 2320 pridem,
304 2253 348 2305 cui
365 2269 446 2306 rauca
465 2253 568 2320 cohors,
582 2253 624 2306 eui
642 2257 772 2322 tympana
789 2253 890 2308 cedunt
909 2270 944 2308 515

95 2327 206 2382 Plebeia
224 2331 253 2381 et
272 2327 392 2396 Phrygia
409 2329 527 2383 vestitur
543 2328 629 2383 bucon
645 2330 723 2384 tiara

22 2422 26 2443 ¹
94 2404 205 2458 Grande
222 2408 301 2458 sonat
315 2405 459 2473 metuique
473 2404 555 2474 jubet
573 2405 740 2473 Septembris
757 2410 786 2460 00
804 2407 901 2462 Austri

94 2481 261 2547 Adventum,
275 2481 325 2534 nisi
344 2497 373 2534 se
390 2485 500 2535 eentum
517 2481 675 2536 lustraverit
692 2484 749 2536 ovis

94 2557 132 2610 lit
149 2557 350 2627 xerampelinas
367 2561 475 2612 veteres
493 2558 635 2612 donaverit
652 2558 712 2626 ipsi,

94 2633 134 2686 Ut
152 2633 287 2702 quidquid
305 2633 388 2686 subiti
406 2637 435 2686 et
451 2635 542 2702 magni
560 2634 723 2687 discriminis
740 2634 824 2689 instat
908 2649 945 2688 tro

95 2709 128 2762 In
146 2710 252 2763 tunicas
270 2713 316 2763 eat
334 2713 362 2763 et
380 2712 470 2763 totum
488 2710 572 2763 semel
590 2710 683 2779 expiet
700 2727 808 2764 annum.

95 2786 248 2840 Hibernum
265 2786 352 2839 fracta
369 2785 456 2853 glacie
474 2785 622 2840 descendet
638 2786 666 2839 in
685 2803 799 2852 amnem,

93 2862 148 2915 Ter
165 2862 300 2916 matutino
319 2861 410 2914 Tiberi
426 2866 565 2929 mergetur
582 2867 611 2916 et
628 2863 693 2932 ipsis

94 2937 251 2992 Vorticibus
267 2937 394 2991 timidum
412 2943 496 3007 caput
513 2938 620 3004 abluet3
637 2939 702 2992 inde
720 2937 830 3006 superbi

94 3014 193 3067 Totum
210 3015 283 3082 regis
301 3031 396 3082 agrurn
413 3014 488 3067 nuda
504 3031 536 3068 ac
552 3013 734 3069 tremebunda
751 3014 871 3068 cruentis
907 3029 944 3069 aas

94 3090 198 3159 Erepet
213 3091 336 3159 genibus,
353 3091 376 3144 si
394 3091 511 3145 eandida
524 3091 639 3160 jusserit
657 3092 704 3155 103

95 3166 153 3220 Ibit
171 3166 207 3219 ad
224 3168 345 3236 Aegypti
362 3167 445 3222 linem
461 3168 610 3238 calidaque
622 3168 738 3235 petuas

91 3244 117 3295 A
136 3241 234 3298 Meroe
248 3244 378 3314 portabit
395 3261 496 3316 aquas,
512 3250 549 3301 ut
567 3245 694 3314 spargat
704 3240 747 3290 ‘in
760 3230 873 3284 sedem
