<?xml version="1.0" encoding="UTF-8"?>
<!DOCTYPE html PUBLIC "-//W3C//DTD XHTML 1.0 Transitional//EN"
    "http://www.w3.org/TR/xhtml1/DTD/xhtml1-transitional.dtd">
<html xmlns="http://www.w3.org/1999/xhtml" xml:lang="en" lang="en">
 <head>
  <title>
</title>
<meta http-equiv="Content-Type" content="text/html;charset=utf-8" />
  <meta name='ocr-system' content='tesseract 3.04.00' />
  <meta name='ocr-capabilities' content='ocr_page ocr_carea ocr_par ocr_line ocrx_word'/>
</head>
<body>
  <div class='ocr_page' id='page_1' title='image "./deciijuniijuven00persgoog_0101.png"; bbox 0 0 2040 3510; ppageno 0'>
   <div class='ocr_carea' id='block_1_1' title="bbox 102 163 718 220">
    <p class='ocr_par' dir='ltr' id='par_1_1' title="bbox 102 163 718 220">
     <span class='ocr_line' id='line_1_1' title="bbox 102 163 718 220; baseline -0.008 0"><span class='ocrx_word' id='word_1_1' title='bbox 102 171 134 220; x_wconf 77' lang='lat'>92</span> <span class='ocrx_word' id='word_1_2' title='bbox 336 168 369 216; x_wconf 92' lang='lat' dir='ltr'>D.</span> <span class='ocrx_word' id='word_1_3' title='bbox 387 166 491 218; x_wconf 83' lang='lat' dir='ltr'>JUNII</span> <span class='ocrx_word' id='word_1_4' title='bbox 507 163 718 216; x_wconf 79' lang='lat' dir='ltr'>JUVENALIS</span> 
     </span>
    </p>
   </div>
   <div class='ocr_carea' id='block_1_2' title="bbox 47 253 954 553">
    <p class='ocr_par' dir='ltr' id='par_1_2' title="bbox 102 253 954 476">
     <span class='ocr_line' id='line_1_2' title="bbox 103 253 954 324; baseline 0 -12"><span class='ocrx_word' id='word_1_5' title='bbox 103 259 138 311; x_wconf 90' lang='lat' dir='ltr'>In</span> <span class='ocrx_word' id='word_1_6' title='bbox 155 257 282 312; x_wconf 89' lang='lat' dir='ltr'>manibus</span> <span class='ocrx_word' id='word_1_7' title='bbox 299 257 377 310; x_wconf 88' lang='lat' dir='ltr'>vultu</span> <span class='ocrx_word' id='word_1_8' title='bbox 395 253 576 308; x_wconf 82' lang='lat' dir='ltr'><strong>Eumenidum</strong></span> <span class='ocrx_word' id='word_1_9' title='bbox 594 257 716 310; x_wconf 90' lang='lat' dir='ltr'>terretur</span> <span class='ocrx_word' id='word_1_10' title='bbox 730 260 761 310; x_wconf 90' lang='lat' dir='ltr'>et</span> <span class='ocrx_word' id='word_1_11' title='bbox 777 255 847 324; x_wconf 90' lang='lat' dir='ltr'>igni:</span> <span class='ocrx_word' id='word_1_12' title='bbox 917 271 954 312; x_wconf 78' lang='lat' dir='ltr'>ass</span> 
     </span>
     <span class='ocr_line' id='line_1_3' title="bbox 102 331 847 402; baseline -0.001 -14"><span class='ocrx_word' id='word_1_13' title='bbox 102 334 158 389; x_wconf 88' lang='lat' dir='ltr'>Hic</span> <span class='ocrx_word' id='word_1_14' title='bbox 174 335 244 389; x_wconf 84' lang='lat' dir='ltr'>bove</span> <span class='ocrx_word' id='word_1_15' title='bbox 262 348 390 402; x_wconf 87' lang='lat' dir='ltr'>percusso</span> <span class='ocrx_word' id='word_1_16' title='bbox 408 331 513 398; x_wconf 87' lang='lat' dir='ltr'>mugire</span> <span class='ocrx_word' id='word_1_17' title='bbox 532 334 739 400; x_wconf 80' lang='lat' dir='ltr'>Agamemnona</span> <span class='ocrx_word' id='word_1_18' title='bbox 756 331 847 388; x_wconf 86' lang='lat' dir='ltr'>credit</span> 
     </span>
     <span class='ocr_line' id='line_1_4' title="bbox 102 407 888 476; baseline -0.003 -12"><span class='ocrx_word' id='word_1_19' title='bbox 102 413 162 464; x_wconf 87' lang='lat' dir='ltr'>Aut</span> <span class='ocrx_word' id='word_1_20' title='bbox 181 409 313 464; x_wconf 85' lang='lat' dir='ltr'>Ithacum.</span> <span class='ocrx_word' id='word_1_21' title='bbox 351 408 449 462; x_wconf 83' lang='lat' dir='ltr'>Parcet</span> <span class='ocrx_word' id='word_1_22' title='bbox 466 407 565 461; x_wconf 87' lang='lat' dir='ltr'>tunicis</span> <span class='ocrx_word' id='word_1_23' title='bbox 583 408 648 462; x_wconf 90' lang='lat' dir='ltr'>licet</span> <span class='ocrx_word' id='word_1_24' title='bbox 664 410 748 476; x_wconf 86' lang='lat' dir='ltr'>atque</span> <span class='ocrx_word' id='word_1_25' title='bbox 765 407 888 475; x_wconf 87' lang='lat' dir='ltr'>lacernis,</span> 
     </span>
    </p>

    <p class='ocr_par' dir='ltr' id='par_1_3' title="bbox 47 474 777 553">
     <span class='ocr_line' id='line_1_5' title="bbox 47 474 777 553; baseline -0.003 -12"><span class='ocrx_word' id='word_1_26' title='bbox 47 474 54 501; x_wconf 68' lang='lat'><strong><em>¹</em></strong></span> <span class='ocrx_word' id='word_1_27' title='bbox 102 487 243 542; x_wconf 75' lang='lat' dir='ltr'>curatoris</span> <span class='ocrx_word' id='word_1_28' title='bbox 260 488 325 553; x_wconf 87' lang='lat' dir='ltr'>eget</span> <span class='ocrx_word' id='word_1_29' title='bbox 342 485 389 552; x_wconf 93' lang='lat' dir='ltr'>qui</span> <span class='ocrx_word' id='word_1_30' title='bbox 406 500 503 538; x_wconf 85' lang='lat' dir='ltr'>narem</span> <span class='ocrx_word' id='word_1_31' title='bbox 521 485 660 538; x_wconf 85' lang='lat' dir='ltr'>mercibus</span> <span class='ocrx_word' id='word_1_32' title='bbox 678 483 777 553; x_wconf 90' lang='lat' dir='ltr'>implet</span> 
     </span>
    </p>
   </div>
   <div class='ocr_carea' id='block_1_3' title="bbox 59 560 953 3313">
    <p class='ocr_par' dir='ltr' id='par_1_4' title="bbox 59 560 953 3313">
     <span class='ocr_line' id='line_1_6' title="bbox 103 560 850 629; baseline -0.003 -13"><span class='ocrx_word' id='word_1_33' title='bbox 103 563 149 616; x_wconf 84' lang='lat' dir='ltr'>Ad</span> <span class='ocrx_word' id='word_1_34' title='bbox 167 579 302 615; x_wconf 90' lang='lat' dir='ltr'>summum</span> <span class='ocrx_word' id='word_1_35' title='bbox 319 561 391 614; x_wconf 90' lang='lat' dir='ltr'>latus</span> <span class='ocrx_word' id='word_1_36' title='bbox 409 564 439 615; x_wconf 87' lang='lat' dir='ltr'>et</span> <span class='ocrx_word' id='word_1_37' title='bbox 455 560 551 614; x_wconf 90' lang='lat' dir='ltr'>tabula</span> <span class='ocrx_word' id='word_1_38' title='bbox 569 560 751 629; x_wconf 67' lang='lat' dir='ltr'>distinguitur</span> <span class='ocrx_word' id='word_1_39' title='bbox 768 560 850 628; x_wconf 91' lang='lat' dir='ltr'>unda,</span> 
     </span>
     <span class='ocr_line' id='line_1_7' title="bbox 101 636 953 706; baseline -0.002 -13"><span class='ocrx_word' id='word_1_40' title='bbox 101 639 191 704; x_wconf 84' lang='lat' dir='ltr'>Quum</span> <span class='ocrx_word' id='word_1_41' title='bbox 209 639 246 692; x_wconf 89' lang='lat' dir='ltr'>sit</span> <span class='ocrx_word' id='word_1_42' title='bbox 263 654 345 692; x_wconf 85' lang='lat' dir='ltr'>causa</span> <span class='ocrx_word' id='word_1_43' title='bbox 361 636 425 692; x_wconf 86' lang='lat' dir='ltr'>mali</span> <span class='ocrx_word' id='word_1_44' title='bbox 443 636 514 691; x_wconf 89' lang='lat' dir='ltr'>tanti</span> <span class='ocrx_word' id='word_1_45' title='bbox 532 640 562 691; x_wconf 90' lang='lat' dir='ltr'>et</span> <span class='ocrx_word' id='word_1_46' title='bbox 579 637 743 692; x_wconf 87' lang='lat' dir='ltr'>discriminis</span> <span class='ocrx_word' id='word_1_47' title='bbox 759 637 843 706; x_wconf 90' lang='lat' dir='ltr'>hujus</span> <span class='ocrx_word' id='word_1_48' title='bbox 917 652 953 691; x_wconf 81' lang='lat' dir='ltr'>aso</span> 
     </span>
     <span class='ocr_line' id='line_1_8' title="bbox 101 713 864 783; baseline -0.003 -13"><span class='ocrx_word' id='word_1_49' title='bbox 101 715 244 770; x_wconf 82' lang='lat' dir='ltr'>Concisum</span> <span class='ocrx_word' id='word_1_50' title='bbox 261 718 408 781; x_wconf 85' lang='lat' dir='ltr'>argentum</span> <span class='ocrx_word' id='word_1_51' title='bbox 424 713 565 768; x_wconf 84' lang='lat' dir='ltr'>intitules</span> <span class='ocrx_word' id='word_1_52' title='bbox 582 714 719 783; x_wconf 72' lang='lat' dir='ltr'>faciesque</span> <span class='ocrx_word' id='word_1_53' title='bbox 736 714 864 768; x_wconf 86' lang='lat' dir='ltr'>minutas.</span> 
     </span>
     <span class='ocr_line' id='line_1_9' title="bbox 100 790 814 859; baseline -0.003 -14"><span class='ocrx_word' id='word_1_54' title='bbox 100 791 254 846; x_wconf 89' lang='lat' dir='ltr'>Occurrunt</span> <span class='ocrx_word' id='word_1_55' title='bbox 271 790 357 845; x_wconf 91' lang='lat' dir='ltr'>nubes</span> <span class='ocrx_word' id='word_1_56' title='bbox 375 794 404 845; x_wconf 89' lang='lat' dir='ltr'>et</span> <span class='ocrx_word' id='word_1_57' title='bbox 421 791 543 859; x_wconf 80' lang='lat' dir='ltr'>firlgura3</span> <span class='ocrx_word' id='word_1_58' title='bbox 565 791 681 845; x_wconf 86' lang='lat' dir='ltr'>“solvite</span> <span class='ocrx_word' id='word_1_59' title='bbox 698 790 814 857; x_wconf 90' lang='lat' dir='ltr'>funem‚&#39;&#39;</span> 
     </span>
     <span class='ocr_line' id='line_1_10' title="bbox 101 866 815 936; baseline -0.001 -15"><span class='ocrx_word' id='word_1_60' title='bbox 101 868 245 923; x_wconf 79' lang='lat' dir='ltr'>Frumenti</span> <span class='ocrx_word' id='word_1_61' title='bbox 264 868 389 921; x_wconf 91' lang='lat' dir='ltr'>dominus</span> <span class='ocrx_word' id='word_1_62' title='bbox 406 868 507 922; x_wconf 90' lang='lat' dir='ltr'>clamat</span> <span class='ocrx_word' id='word_1_63' title='bbox 524 867 660 936; x_wconf 81' lang='lat' dir='ltr'>piperisve</span> <span class='ocrx_word' id='word_1_64' title='bbox 678 866 815 936; x_wconf 90' lang='lat' dir='ltr'>coempti;</span> 
     </span>
     <span class='ocr_line' id='line_1_11' title="bbox 101 944 808 1011; baseline -0.003 -13"><span class='ocrx_word' id='word_1_65' title='bbox 101 945 166 998; x_wconf 88' lang='lat' dir='ltr'>“Nil</span> <span class='ocrx_word' id='word_1_66' title='bbox 184 945 256 999; x_wconf 92' lang='lat' dir='ltr'>color</span> <span class='ocrx_word' id='word_1_67' title='bbox 273 944 317 998; x_wconf 92' lang='lat' dir='ltr'>hic</span> <span class='ocrx_word' id='word_1_68' title='bbox 335 944 409 1011; x_wconf 82' lang='lat' dir='ltr'>caeli,</span> <span class='ocrx_word' id='word_1_69' title='bbox 422 944 460 998; x_wconf 91' lang='lat' dir='ltr'>nil</span> <span class='ocrx_word' id='word_1_70' title='bbox 478 944 562 999; x_wconf 86' lang='lat' dir='ltr'>fascia</span> <span class='ocrx_word' id='word_1_71' title='bbox 578 944 656 1011; x_wconf 86' lang='lat' dir='ltr'>nigra</span> <span class='ocrx_word' id='word_1_72' title='bbox 674 944 808 1008; x_wconf 57' lang='lat' dir='ltr'>minatum</span> 
     </span>
     <span class='ocr_line' id='line_1_12' title="bbox 100 1020 950 1087; baseline 0 -13"><span class='ocrx_word' id='word_1_73' title='bbox 100 1021 243 1075; x_wconf 87' lang='lat' dir='ltr'>Aestivnm</span> <span class='ocrx_word' id='word_1_74' title='bbox 261 1021 364 1075; x_wconf 88' lang='lat' dir='ltr'>tonat.”</span> <span class='ocrx_word' id='word_1_75' title='bbox 401 1020 501 1075; x_wconf 85' lang='lat' dir='ltr'>Infelix</span> <span class='ocrx_word' id='word_1_76' title='bbox 519 1020 570 1074; x_wconf 89' lang='lat' dir='ltr'>hac</span> <span class='ocrx_word' id='word_1_77' title='bbox 588 1020 701 1074; x_wconf 78' lang='lat' dir='ltr'>forsitan</span> <span class='ocrx_word' id='word_1_78' title='bbox 718 1021 777 1087; x_wconf 90' lang='lat' dir='ltr'>ipsa</span> <span class='ocrx_word' id='word_1_79' title='bbox 915 1034 950 1074; x_wconf 75' lang='lat' dir='ltr'>aas</span> 
     </span>
     <span class='ocr_line' id='line_1_13' title="bbox 99 1096 867 1165; baseline 0 -15"><span class='ocrx_word' id='word_1_80' title='bbox 99 1096 125 1150; x_wconf 97' lang='lat' dir='ltr'>N</span> <span class='ocrx_word' id='word_1_81' title='bbox 127 1101 187 1152; x_wconf 89' lang='lat' dir='ltr'>octe</span> <span class='ocrx_word' id='word_1_82' title='bbox 204 1098 286 1152; x_wconf 90' lang='lat' dir='ltr'>cadet</span> <span class='ocrx_word' id='word_1_83' title='bbox 303 1096 397 1150; x_wconf 84' lang='lat' dir='ltr'>fractis</span> <span class='ocrx_word' id='word_1_84' title='bbox 414 1097 545 1163; x_wconf 87' lang='lat' dir='ltr'>trabibus,</span> <span class='ocrx_word' id='word_1_85' title='bbox 565 1096 707 1164; x_wconf 87' lang='lat' dir='ltr'>fluctuque</span> <span class='ocrx_word' id='word_1_86' title='bbox 725 1098 867 1165; x_wconf 81' lang='lat' dir='ltr'>premetur</span> 
     </span>
     <span class='ocr_line' id='line_1_14' title="bbox 99 1172 771 1240; baseline 0 -15"><span class='ocrx_word' id='word_1_87' title='bbox 99 1172 222 1227; x_wconf 86' lang='lat' dir='ltr'>Obrutus</span> <span class='ocrx_word' id='word_1_88' title='bbox 239 1177 269 1228; x_wconf 89' lang='lat' dir='ltr'>ct</span> <span class='ocrx_word' id='word_1_89' title='bbox 285 1189 381 1226; x_wconf 83' lang='lat' dir='ltr'>zonam</span> <span class='ocrx_word' id='word_1_90' title='bbox 398 1173 476 1226; x_wconf 87' lang='lat' dir='ltr'>laeva</span> <span class='ocrx_word' id='word_1_91' title='bbox 493 1188 640 1240; x_wconf 91' lang='lat' dir='ltr'>morsuque</span> <span class='ocrx_word' id='word_1_92' title='bbox 658 1172 771 1225; x_wconf 87' lang='lat' dir='ltr'>tenebit.</span> 
     </span>
     <span class='ocr_line' id='line_1_15' title="bbox 98 1248 788 1318; baseline -0.001 -15"><span class='ocrx_word' id='word_1_93' title='bbox 98 1249 153 1303; x_wconf 81' lang='lat' dir='ltr'>Sed</span> <span class='ocrx_word' id='word_1_94' title='bbox 170 1249 251 1318; x_wconf 87' lang='lat' dir='ltr'>cujus</span> <span class='ocrx_word' id='word_1_95' title='bbox 269 1250 339 1304; x_wconf 87' lang='lat' dir='ltr'>votis</span> <span class='ocrx_word' id='word_1_96' title='bbox 357 1248 439 1302; x_wconf 90' lang='lat' dir='ltr'>modo</span> <span class='ocrx_word' id='word_1_97' title='bbox 456 1265 511 1302; x_wconf 93' lang='lat' dir='ltr'>non</span> <span class='ocrx_word' id='word_1_98' title='bbox 528 1249 674 1303; x_wconf 85' lang='lat' dir='ltr'>suffecerat</span> <span class='ocrx_word' id='word_1_99' title='bbox 692 1266 788 1303; x_wconf 89' lang='lat' dir='ltr'>aurum</span> 
     </span>
     <span class='ocr_line' id='line_1_16' title="bbox 98 1317 842 1394; baseline -0.001 -15"><span class='ocrx_word' id='word_1_100' title='bbox 98 1326 178 1391; x_wconf 85' lang='lat' dir='ltr'>Quod</span> <span class='ocrx_word' id='word_1_101' title='bbox 196 1327 285 1394; x_wconf 80' lang='lat' dir='ltr'>&#39;Pagus</span> <span class='ocrx_word' id='word_1_102' title='bbox 302 1331 331 1379; x_wconf 90' lang='lat' dir='ltr'>et</span> <span class='ocrx_word' id='word_1_103' title='bbox 348 1325 432 1379; x_wconf 87' lang='lat' dir='ltr'>rutila</span> <span class='ocrx_word' id='word_1_104' title='bbox 449 1325 534 1380; x_wconf 84' lang='lat' dir='ltr'>volvit</span> <span class='ocrx_word' id='word_1_105' title='bbox 554 1325 681 1380; x_wconf 85' lang='lat' dir='ltr'>Pactolus</span> <span class='ocrx_word' id='word_1_106' title='bbox 699 1341 790 1392; x_wconf 89' lang='lat' dir='ltr'>arena,</span> <span class='ocrx_word' id='word_1_107' title='bbox 837 1317 842 1330; x_wconf 90' lang='lat'><em>&#39;</em></span> 
     </span>
     <span class='ocr_line' id='line_1_17' title="bbox 98 1400 951 1471; baseline 0.001 -17"><span class='ocrx_word' id='word_1_108' title='bbox 98 1400 213 1469; x_wconf 85' lang='lat' dir='ltr'>Frigida</span> <span class='ocrx_word' id='word_1_109' title='bbox 230 1402 364 1456; x_wconf 91' lang='lat' dir='ltr'>sufficient</span> <span class='ocrx_word' id='word_1_110' title='bbox 381 1401 502 1456; x_wconf 84' lang='lat' dir='ltr'>velantes</span> <span class='ocrx_word' id='word_1_111' title='bbox 519 1402 631 1471; x_wconf 85' lang='lat' dir='ltr'>inguina</span> <span class='ocrx_word' id='word_1_112' title='bbox 648 1401 732 1471; x_wconf 89' lang='lat' dir='ltr'>panni</span> <span class='ocrx_word' id='word_1_113' title='bbox 914 1417 951 1456; x_wconf 85' lang='lat' dir='ltr'>sno</span> 
     </span>
     <span class='ocr_line' id='line_1_18' title="bbox 97 1477 835 1547; baseline -0.001 -15"><span class='ocrx_word' id='word_1_114' title='bbox 97 1477 274 1547; x_wconf 81' lang='lat' dir='ltr'>Exiguusque</span> <span class='ocrx_word' id='word_1_115' title='bbox 291 1479 375 1546; x_wconf 88' lang='lat' dir='ltr'>cibus,</span> <span class='ocrx_word' id='word_1_116' title='bbox 394 1494 483 1532; x_wconf 89' lang='lat' dir='ltr'>mersa</span> <span class='ocrx_word' id='word_1_117' title='bbox 500 1483 561 1533; x_wconf 85' lang='lat' dir='ltr'>rate</span> <span class='ocrx_word' id='word_1_118' title='bbox 578 1479 728 1546; x_wconf 87' lang='lat' dir='ltr'>naufragus</span> <span class='ocrx_word' id='word_1_119' title='bbox 746 1494 835 1533; x_wconf 88' lang='lat' dir='ltr'>assem</span> 
     </span>
     <span class='ocr_line' id='line_1_19' title="bbox 96 1553 760 1624; baseline 0.003 -17"><span class='ocrx_word' id='word_1_120' title='bbox 96 1553 169 1610; x_wconf 89' lang='lat' dir='ltr'>Dum</span> <span class='ocrx_word' id='word_1_121' title='bbox 189 1560 269 1624; x_wconf 88' lang='lat' dir='ltr'>rogat</span> <span class='ocrx_word' id='word_1_122' title='bbox 286 1559 316 1609; x_wconf 87' lang='lat' dir='ltr'>et</span> <span class='ocrx_word' id='word_1_123' title='bbox 333 1555 409 1624; x_wconf 90' lang='lat' dir='ltr'>picta</span> <span class='ocrx_word' id='word_1_124' title='bbox 425 1571 455 1608; x_wconf 90' lang='lat' dir='ltr'>se</span> <span class='ocrx_word' id='word_1_125' title='bbox 473 1559 640 1624; x_wconf 87' lang='lat' dir='ltr'>tempestate</span> <span class='ocrx_word' id='word_1_126' title='bbox 659 1559 721 1608; x_wconf 88' lang='lat' dir='ltr'>tuet</span> <span class='ocrx_word' id='word_1_127' title='bbox 755 1597 760 1609; x_wconf 93' lang='lat'><em>.</em></span> 
     </span>
     <span class='ocr_line' id='line_1_20' title="bbox 130 1631 771 1701; baseline 0.002 -16"><span class='ocrx_word' id='word_1_128' title='bbox 130 1631 224 1686; x_wconf 82' lang='lat' dir='ltr'>Tantis</span> <span class='ocrx_word' id='word_1_129' title='bbox 241 1636 322 1701; x_wconf 91' lang='lat' dir='ltr'>parta</span> <span class='ocrx_word' id='word_1_130' title='bbox 338 1631 418 1685; x_wconf 86' lang='lat' dir='ltr'>malie</span> <span class='ocrx_word' id='word_1_131' title='bbox 435 1648 501 1686; x_wconf 90' lang='lat' dir='ltr'>cura</span> <span class='ocrx_word' id='word_1_132' title='bbox 518 1631 623 1700; x_wconf 89' lang='lat' dir='ltr'>majore</span> <span class='ocrx_word' id='word_1_133' title='bbox 641 1635 771 1699; x_wconf 87' lang='lat' dir='ltr'>metuque</span> 
     </span>
     <span class='ocr_line' id='line_1_21' title="bbox 96 1708 821 1776; baseline 0.001 -14"><span class='ocrx_word' id='word_1_134' title='bbox 96 1708 252 1762; x_wconf 80' lang='lat' dir='ltr'>Servantur.</span> <span class='ocrx_word' id='word_1_135' title='bbox 288 1709 390 1762; x_wconf 88' lang='lat' dir='ltr'>Misera</span> <span class='ocrx_word' id='word_1_136' title='bbox 406 1711 449 1761; x_wconf 89' lang='lat' dir='ltr'>est</span> <span class='ocrx_word' id='word_1_137' title='bbox 466 1709 558 1776; x_wconf 86' lang='lat' dir='ltr'>magni</span> <span class='ocrx_word' id='word_1_138' title='bbox 576 1708 701 1762; x_wconf 82' lang='lat' dir='ltr'>custodia</span> <span class='ocrx_word' id='word_1_139' title='bbox 718 1724 821 1763; x_wconf 89' lang='lat' dir='ltr'>census.</span> 
     </span>
     <span class='ocr_line' id='line_1_22' title="bbox 96 1783 951 1853; baseline 0 -15"><span class='ocrx_word' id='word_1_140' title='bbox 96 1783 242 1853; x_wconf 86' lang='lat' dir='ltr'>Dispositis</span> <span class='ocrx_word' id='word_1_141' title='bbox 259 1784 403 1853; x_wconf 80' lang='lat' dir='ltr'>praedives</span> <span class='ocrx_word' id='word_1_142' title='bbox 419 1784 509 1838; x_wconf 89' lang='lat' dir='ltr'>hamis</span> <span class='ocrx_word' id='word_1_143' title='bbox 525 1785 640 1852; x_wconf 84' lang='lat' dir='ltr'>vigilare</span> <span class='ocrx_word' id='word_1_144' title='bbox 657 1784 797 1838; x_wconf 88' lang='lat' dir='ltr'>cohortem</span> <span class='ocrx_word' id='word_1_145' title='bbox 915 1798 951 1838; x_wconf 80' lang='lat' dir='ltr'>soe</span> 
     </span>
     <span class='ocr_line' id='line_1_23' title="bbox 95 1859 794 1929; baseline -0.001 -15"><span class='ocrx_word' id='word_1_146' title='bbox 95 1860 239 1915; x_wconf 84' lang='lat' dir='ltr'>Servorum</span> <span class='ocrx_word' id='word_1_147' title='bbox 257 1866 339 1916; x_wconf 90' lang='lat' dir='ltr'>noctu</span> <span class='ocrx_word' id='word_1_148' title='bbox 357 1860 467 1914; x_wconf 87' lang='lat' dir='ltr'>Licinus</span> <span class='ocrx_word' id='word_1_149' title='bbox 480 1859 571 1929; x_wconf 91' lang='lat' dir='ltr'>jubet,</span> <span class='ocrx_word' id='word_1_150' title='bbox 590 1860 726 1915; x_wconf 89' lang='lat' dir='ltr'>attonitus</span> <span class='ocrx_word' id='word_1_151' title='bbox 742 1877 794 1928; x_wconf 89' lang='lat' dir='ltr'>pro</span> 
     </span>
     <span class='ocr_line' id='line_1_24' title="bbox 94 1937 770 2006; baseline 0 -17"><span class='ocrx_word' id='word_1_152' title='bbox 94 1937 205 1992; x_wconf 85' lang='lat' dir='ltr'>Electro</span> <span class='ocrx_word' id='word_1_153' title='bbox 223 1938 362 2006; x_wconf 86' lang='lat' dir='ltr'>signisque</span> <span class='ocrx_word' id='word_1_154' title='bbox 379 1937 436 1990; x_wconf 89' lang='lat' dir='ltr'>suis</span> <span class='ocrx_word' id='word_1_155' title='bbox 455 1937 628 2006; x_wconf 83' lang='lat' dir='ltr'>Phrygiaque</span> <span class='ocrx_word' id='word_1_156' title='bbox 646 1937 770 1991; x_wconf 89' lang='lat' dir='ltr'>columna</span> 
     </span>
     <span class='ocr_line' id='line_1_25' title="bbox 95 2013 775 2083; baseline 0.001 -16"><span class='ocrx_word' id='word_1_157' title='bbox 95 2014 191 2083; x_wconf 86' lang='lat' dir='ltr'>Atque</span> <span class='ocrx_word' id='word_1_158' title='bbox 208 2014 290 2068; x_wconf 90' lang='lat' dir='ltr'>ebore</span> <span class='ocrx_word' id='word_1_159' title='bbox 307 2019 337 2069; x_wconf 94' lang='lat' dir='ltr'>et</span> <span class='ocrx_word' id='word_1_160' title='bbox 353 2014 409 2069; x_wconf 90' lang='lat' dir='ltr'>lata</span> <span class='ocrx_word' id='word_1_161' title='bbox 426 2013 573 2068; x_wconf 87' lang='lat' dir='ltr'>testudine.</span> <span class='ocrx_word' id='word_1_162' title='bbox 611 2013 691 2068; x_wconf 87' lang='lat' dir='ltr'>Delia</span> <span class='ocrx_word' id='word_1_163' title='bbox 707 2013 775 2068; x_wconf 91' lang='lat' dir='ltr'>nudi</span> 
     </span>
     <span class='ocr_line' id='line_1_26' title="bbox 94 2090 756 2159; baseline 0.002 -16"><span class='ocrx_word' id='word_1_164' title='bbox 94 2090 156 2143; x_wconf 89' lang='lat' dir='ltr'>Non</span> <span class='ocrx_word' id='word_1_165' title='bbox 175 2090 273 2144; x_wconf 86' lang='lat' dir='ltr'>ardent</span> <span class='ocrx_word' id='word_1_166' title='bbox 292 2091 398 2158; x_wconf 76' lang='lat' dir='ltr'>Cynici:</span> <span class='ocrx_word' id='word_1_167' title='bbox 422 2091 445 2143; x_wconf 93' lang='lat' dir='ltr'>si</span> <span class='ocrx_word' id='word_1_168' title='bbox 463 2090 583 2159; x_wconf 84' lang='lat' dir='ltr'>fregeris,</span> <span class='ocrx_word' id='word_1_169' title='bbox 602 2090 689 2144; x_wconf 84' lang='lat' dir='ltr'>altera</span> <span class='ocrx_word' id='word_1_170' title='bbox 707 2091 756 2145; x_wconf 89' lang='lat' dir='ltr'>fiet</span> 
     </span>
     <span class='ocr_line' id='line_1_27' title="bbox 94 2166 947 2236; baseline 0.001 -15"><span class='ocrx_word' id='word_1_171' title='bbox 94 2167 161 2222; x_wconf 81' lang='lat' dir='ltr'>Cras</span> <span class='ocrx_word' id='word_1_172' title='bbox 178 2167 275 2220; x_wconf 89' lang='lat' dir='ltr'>domus</span> <span class='ocrx_word' id='word_1_173' title='bbox 287 2170 336 2220; x_wconf 87' lang='lat' dir='ltr'>aut</span> <span class='ocrx_word' id='word_1_174' title='bbox 353 2166 450 2221; x_wconf 89' lang='lat' dir='ltr'>eadem</span> <span class='ocrx_word' id='word_1_175' title='bbox 468 2167 580 2236; x_wconf 90' lang='lat' dir='ltr'>plumbo</span> <span class='ocrx_word' id='word_1_176' title='bbox 597 2167 740 2220; x_wconf 90' lang='lat' dir='ltr'>commissa</span> <span class='ocrx_word' id='word_1_177' title='bbox 754 2166 884 2224; x_wconf 90' lang='lat' dir='ltr'>manebit.</span> <span class='ocrx_word' id='word_1_178' title='bbox 910 2184 947 2223; x_wconf 80' lang='lat' dir='ltr'>aro</span> 
     </span>
     <span class='ocr_line' id='line_1_28' title="bbox 94 2242 759 2312; baseline -0.003 -14"><span class='ocrx_word' id='word_1_179' title='bbox 94 2244 185 2298; x_wconf 80' lang='lat' dir='ltr'>Sensit</span> <span class='ocrx_word' id='word_1_180' title='bbox 204 2243 370 2311; x_wconf 79' lang='lat' dir='ltr'>Alexander,</span> <span class='ocrx_word' id='word_1_181' title='bbox 383 2246 458 2297; x_wconf 89' lang='lat' dir='ltr'>testa</span> <span class='ocrx_word' id='word_1_182' title='bbox 475 2259 558 2312; x_wconf 93' lang='lat' dir='ltr'>quum</span> <span class='ocrx_word' id='word_1_183' title='bbox 577 2242 648 2296; x_wconf 86' lang='lat' dir='ltr'>vidit</span> <span class='ocrx_word' id='word_1_184' title='bbox 666 2242 694 2294; x_wconf 89' lang='lat' dir='ltr'>in</span> <span class='ocrx_word' id='word_1_185' title='bbox 712 2243 759 2296; x_wconf 90' lang='lat' dir='ltr'>illa</span> 
     </span>
     <span class='ocr_line' id='line_1_29' title="bbox 93 2317 802 2388; baseline 0 -16"><span class='ocrx_word' id='word_1_186' title='bbox 93 2319 225 2388; x_wconf 85' lang='lat' dir='ltr'>Magnum</span> <span class='ocrx_word' id='word_1_187' title='bbox 242 2318 433 2385; x_wconf 86' lang='lat' dir='ltr'>habitatorem,</span> <span class='ocrx_word' id='word_1_188' title='bbox 451 2323 553 2388; x_wconf 90' lang='lat' dir='ltr'>quanto</span> <span class='ocrx_word' id='word_1_189' title='bbox 572 2317 676 2372; x_wconf 88' lang='lat' dir='ltr'>felicior</span> <span class='ocrx_word' id='word_1_190' title='bbox 693 2319 737 2372; x_wconf 92' lang='lat' dir='ltr'>bic</span> <span class='ocrx_word' id='word_1_191' title='bbox 755 2319 802 2388; x_wconf 93' lang='lat' dir='ltr'>qui</span> 
     </span>
     <span class='ocr_line' id='line_1_30' title="bbox 93 2395 876 2465; baseline -0.003 -14"><span class='ocrx_word' id='word_1_192' title='bbox 93 2397 139 2451; x_wconf 88' lang='lat' dir='ltr'>Nil</span> <span class='ocrx_word' id='word_1_193' title='bbox 156 2399 269 2465; x_wconf 91' lang='lat' dir='ltr'>cuperet</span> <span class='ocrx_word' id='word_1_194' title='bbox 287 2413 369 2465; x_wconf 90' lang='lat' dir='ltr'>quam</span> <span class='ocrx_word' id='word_1_195' title='bbox 388 2397 435 2464; x_wconf 89' lang='lat' dir='ltr'>qui</span> <span class='ocrx_word' id='word_1_196' title='bbox 453 2399 543 2450; x_wconf 89' lang='lat' dir='ltr'>totum</span> <span class='ocrx_word' id='word_1_197' title='bbox 560 2395 612 2448; x_wconf 90' lang='lat' dir='ltr'>sibi</span> <span class='ocrx_word' id='word_1_198' title='bbox 629 2399 756 2465; x_wconf 89' lang='lat' dir='ltr'>posceret</span> <span class='ocrx_word' id='word_1_199' title='bbox 772 2396 876 2462; x_wconf 87' lang='lat' dir='ltr'>orbem,</span> 
     </span>
     <span class='ocr_line' id='line_1_31' title="bbox 93 2471 734 2542; baseline 0 -16"><span class='ocrx_word' id='word_1_200' title='bbox 93 2473 226 2526; x_wconf 84' lang='lat' dir='ltr'>Passurus</span> <span class='ocrx_word' id='word_1_201' title='bbox 242 2473 328 2540; x_wconf 87' lang='lat' dir='ltr'>gestis</span> <span class='ocrx_word' id='word_1_202' title='bbox 346 2472 488 2542; x_wconf 85' lang='lat' dir='ltr'>aequanda</span> <span class='ocrx_word' id='word_1_203' title='bbox 505 2472 628 2542; x_wconf 90' lang='lat' dir='ltr'>pericula</span> <span class='ocrx_word' id='word_1_204' title='bbox 645 2471 734 2526; x_wconf 85' lang='lat' dir='ltr'>rebus</span> 
     </span>
     <span class='ocr_line' id='line_1_32' title="bbox 92 2547 944 2615; baseline 0.001 -13"><span class='ocrx_word' id='word_1_205' title='bbox 92 2549 205 2602; x_wconf 89' lang='lat' dir='ltr'>Nullum</span> <span class='ocrx_word' id='word_1_206' title='bbox 222 2565 322 2603; x_wconf 89' lang='lat' dir='ltr'>numen</span> <span class='ocrx_word' id='word_1_207' title='bbox 340 2549 419 2603; x_wconf 89' lang='lat' dir='ltr'>abest</span> <span class='ocrx_word' id='word_1_208' title='bbox 437 2549 461 2602; x_wconf 90' lang='lat' dir='ltr'>si</span> <span class='ocrx_word' id='word_1_209' title='bbox 478 2549 515 2602; x_wconf 90' lang='lat' dir='ltr'>sit</span> <span class='ocrx_word' id='word_1_210' title='bbox 533 2547 699 2603; x_wconf 86' lang='lat' dir='ltr'>Prudentia:</span> <span class='ocrx_word' id='word_1_211' title='bbox 722 2564 772 2601; x_wconf 90' lang='lat' dir='ltr'>nos</span> <span class='ocrx_word' id='word_1_212' title='bbox 789 2550 827 2615; x_wconf 89' lang='lat' dir='ltr'>te,</span> <span class='ocrx_word' id='word_1_213' title='bbox 908 2563 944 2604; x_wconf 81' lang='lat'>³15</span> 
     </span>
     <span class='ocr_line' id='line_1_33' title="bbox 92 2622 909 2692; baseline 0 -14"><span class='ocrx_word' id='word_1_214' title='bbox 92 2625 118 2677; x_wconf 98' lang='lat' dir='ltr'>N</span> <span class='ocrx_word' id='word_1_215' title='bbox 119 2642 149 2678; x_wconf 86' lang='lat' dir='ltr'>os</span> <span class='ocrx_word' id='word_1_216' title='bbox 165 2625 287 2691; x_wconf 84' lang='lat' dir='ltr'>facimus,</span> <span class='ocrx_word' id='word_1_217' title='bbox 306 2625 437 2692; x_wconf 78' lang='lat' dir='ltr'>Fortuna,</span> <span class='ocrx_word' id='word_1_218' title='bbox 456 2622 544 2679; x_wconf 82' lang='lat' dir='ltr'>deam.</span> <span class='ocrx_word' id='word_1_219' title='bbox 580 2625 711 2678; x_wconf 87' lang='lat' dir='ltr'>Mensura</span> <span class='ocrx_word' id='word_1_220' title='bbox 728 2629 821 2679; x_wconf 88' lang='lat' dir='ltr'>tamen</span> <span class='ocrx_word' id='word_1_221' title='bbox 838 2639 909 2690; x_wconf 82' lang='lat' dir='ltr'>quae</span> 
     </span>
     <span class='ocr_line' id='line_1_34' title="bbox 92 2701 780 2770; baseline -0.001 -15"><span class='ocrx_word' id='word_1_222' title='bbox 92 2701 213 2755; x_wconf 80' lang='lat' dir='ltr'>Sufficiat</span> <span class='ocrx_word' id='word_1_223' title='bbox 230 2718 335 2768; x_wconf 86' lang='lat' dir='ltr'>census,</span> <span class='ocrx_word' id='word_1_224' title='bbox 354 2701 376 2754; x_wconf 87' lang='lat' dir='ltr'>si</span> <span class='ocrx_word' id='word_1_225' title='bbox 395 2701 456 2770; x_wconf 89' lang='lat' dir='ltr'>quis</span> <span class='ocrx_word' id='word_1_226' title='bbox 474 2719 518 2755; x_wconf 92' lang='lat' dir='ltr'>me</span> <span class='ocrx_word' id='word_1_227' title='bbox 535 2701 665 2766; x_wconf 92' lang='lat' dir='ltr'>consulat,</span> <span class='ocrx_word' id='word_1_228' title='bbox 685 2701 780 2755; x_wconf 89' lang='lat' dir='ltr'>edam:</span> 
     </span>
     <span class='ocr_line' id='line_1_35' title="bbox 92 2776 866 2847; baseline 0.001 -16"><span class='ocrx_word' id='word_1_229' title='bbox 92 2776 126 2831; x_wconf 93' lang='lat' dir='ltr'>In</span> <span class='ocrx_word' id='word_1_230' title='bbox 144 2783 276 2846; x_wconf 88' lang='lat' dir='ltr'>qnantum</span> <span class='ocrx_word' id='word_1_231' title='bbox 294 2779 354 2832; x_wconf 88' lang='lat' dir='ltr'>sitis</span> <span class='ocrx_word' id='word_1_232' title='bbox 372 2783 455 2847; x_wconf 89' lang='lat' dir='ltr'>atque</span> <span class='ocrx_word' id='word_1_233' title='bbox 473 2779 558 2832; x_wconf 89' lang='lat' dir='ltr'>fames</span> <span class='ocrx_word' id='word_1_234' title='bbox 576 2782 605 2833; x_wconf 90' lang='lat' dir='ltr'>et</span> <span class='ocrx_word' id='word_1_235' title='bbox 623 2778 725 2847; x_wconf 85' lang='lat' dir='ltr'>frigora</span> <span class='ocrx_word' id='word_1_236' title='bbox 741 2781 866 2847; x_wconf 90' lang='lat' dir='ltr'>poscunt,</span> 
     </span>
     <span class='ocr_line' id='line_1_36' title="bbox 92 2853 844 2924; baseline 0.001 -18"><span class='ocrx_word' id='word_1_237' title='bbox 92 2853 238 2924; x_wconf 85' lang='lat' dir='ltr'>Quantum,</span> <span class='ocrx_word' id='word_1_238' title='bbox 256 2855 381 2924; x_wconf 84' lang='lat' dir='ltr'>llpionre,</span> <span class='ocrx_word' id='word_1_239' title='bbox 399 2855 452 2908; x_wconf 91' lang='lat' dir='ltr'>tibi</span> <span class='ocrx_word' id='word_1_240' title='bbox 469 2857 561 2924; x_wconf 83' lang='lat' dir='ltr'>parvis</span> <span class='ocrx_word' id='word_1_241' title='bbox 579 2856 687 2909; x_wconf 85' lang='lat' dir='ltr'>suffecit</span> <span class='ocrx_word' id='word_1_242' title='bbox 704 2855 732 2908; x_wconf 92' lang='lat' dir='ltr'>in</span> <span class='ocrx_word' id='word_1_243' title='bbox 750 2855 844 2922; x_wconf 89' lang='lat' dir='ltr'>hortis,</span> 
     </span>
     <span class='ocr_line' id='line_1_37' title="bbox 92 2928 942 3001; baseline 0.005 -19"><span class='ocrx_word' id='word_1_244' title='bbox 92 2928 229 2992; x_wconf 85' lang='lat' dir='ltr'>Quantum</span> <span class='ocrx_word' id='word_1_245' title='bbox 248 2931 377 2984; x_wconf 80' lang='lat' dir='ltr'>Socratici</span> <span class='ocrx_word' id='word_1_246' title='bbox 394 2936 528 3001; x_wconf 88' lang='lat' dir='ltr'>ceperunt</span> <span class='ocrx_word' id='word_1_247' title='bbox 545 2935 609 2985; x_wconf 86' lang='lat' dir='ltr'>ante</span> <span class='ocrx_word' id='word_1_248' title='bbox 627 2936 746 2999; x_wconf 87' lang='lat' dir='ltr'>penates</span> <span class='ocrx_word' id='word_1_249' title='bbox 905 2946 942 2986; x_wconf 82' lang='lat' dir='ltr'>sao</span> 
     </span>
     <span class='ocr_line' id='line_1_38' title="bbox 91 3005 796 3075; baseline 0.006 -17"><span class='ocrx_word' id='word_1_250' title='bbox 91 3005 238 3074; x_wconf 87' lang='lat' dir='ltr'>Nunquam</span> <span class='ocrx_word' id='word_1_251' title='bbox 255 3007 330 3060; x_wconf 89' lang='lat' dir='ltr'>aliud</span> <span class='ocrx_word' id='word_1_252' title='bbox 348 3007 455 3061; x_wconf 90' lang='lat' dir='ltr'>Natura</span> <span class='ocrx_word' id='word_1_253' title='bbox 472 3007 546 3060; x_wconf 88' lang='lat' dir='ltr'>aliud</span> <span class='ocrx_word' id='word_1_254' title='bbox 565 3007 704 3075; x_wconf 82' lang='lat' dir='ltr'>Sapientia</span> <span class='ocrx_word' id='word_1_255' title='bbox 721 3006 796 3062; x_wconf 90' lang='lat' dir='ltr'>dicit.</span> 
     </span>
     <span class='ocr_line' id='line_1_39' title="bbox 77 3082 788 3151; baseline 0.011 -22"><span class='ocrx_word' id='word_1_256' title='bbox 77 3082 205 3133; x_wconf 81' lang='lat' dir='ltr'>Acrr&#39;bus</span> <span class='ocrx_word' id='word_1_257' title='bbox 221 3082 358 3151; x_wconf 77' lang='lat' dir='ltr'>exemplis</span> <span class='ocrx_word' id='word_1_258' title='bbox 376 3083 473 3138; x_wconf 81' lang='lat' dir='ltr'>videor</span> <span class='ocrx_word' id='word_1_259' title='bbox 490 3088 520 3138; x_wconf 88' lang='lat' dir='ltr'>te</span> <span class='ocrx_word' id='word_1_260' title='bbox 537 3083 680 3138; x_wconf 83' lang='lat' dir='ltr'>claudere:</span> <span class='ocrx_word' id='word_1_261' title='bbox 703 3084 788 3137; x_wconf 84' lang='lat' dir='ltr'>misce</span> 
     </span>
     <span class='ocr_line' id='line_1_40' title="bbox 59 3148 875 3227; baseline -0.004 -14"><span class='ocrx_word' id='word_1_262' title='bbox 59 3148 140 3213; x_wconf 54' lang='lat'>3180</span> <span class='ocrx_word' id='word_1_263' title='bbox 156 3155 272 3222; x_wconf 79' lang='lat' dir='ltr'>aliquid</span> <span class='ocrx_word' id='word_1_264' title='bbox 288 3159 398 3214; x_wconf 87' lang='lat' dir='ltr'>nostris</span> <span class='ocrx_word' id='word_1_265' title='bbox 418 3161 455 3216; x_wconf 91' lang='lat' dir='ltr'>de</span> <span class='ocrx_word' id='word_1_266' title='bbox 474 3161 619 3227; x_wconf 67' lang='lat' dir='ltr'>moribus,</span> <span class='ocrx_word' id='word_1_267' title='bbox 642 3159 721 3215; x_wconf 82' lang='lat' dir='ltr'>effice</span> <span class='ocrx_word' id='word_1_268' title='bbox 738 3174 875 3213; x_wconf 83' lang='lat' dir='ltr'>summam</span> 
     </span>
     <span class='ocr_line' id='line_1_41' title="bbox 59 3204 897 3313; baseline 0.001 -30"><span class='ocrx_word' id='word_1_269' title='bbox 59 3204 233 3313; x_wconf 55' lang='lat' dir='ltr'>&#39;mrtem</span> <span class='ocrx_word' id='word_1_270' title='bbox 253 3234 411 3292; x_wconf 86' lang='lat' dir='ltr'>ordinibus</span> <span class='ocrx_word' id='word_1_271' title='bbox 430 3257 520 3311; x_wconf 87' lang='lat' dir='ltr'>quam</span> <span class='ocrx_word' id='word_1_272' title='bbox 538 3239 592 3296; x_wconf 86' lang='lat' dir='ltr'>lex</span> <span class='ocrx_word' id='word_1_273' title='bbox 609 3237 748 3308; x_wconf 82' lang='lat' dir='ltr'>dignatur</span> <span class='ocrx_word' id='word_1_274' title='bbox 766 3233 897 3288; x_wconf 60' lang='lat' dir='ltr'>Othonia</span> 
     </span>
    </p>
   </div>
   <div class='ocr_carea' id='block_1_4' title="bbox 0 0 1024 3510">
    <p class='ocr_par' dir='ltr' id='par_1_5' title="bbox 0 0 1024 3510">
     <span class='ocr_line' id='line_1_42' title="bbox 0 0 1024 3510; baseline 0 3"><span class='ocrx_word' id='word_1_275' title='bbox 0 0 1024 3510; x_wconf 95' lang='lat' dir='ltr'> </span> 
     </span>
    </p>
   </div>
  </div>
 </body>
</html>
