2040 3510
83 182 114 234 ro
314 181 346 231 n.
367 181 474 234 suun
491 182 703 233 Juvnranrs
720 242 723 248 ,

82 268 155 337 (Non
172 272 288 339 cogente
305 269 420 339 quidem
435 268 484 324 sed
500 286 551 324 nec
567 270 730 340 prohibente
747 271 877 340 Tribuno)
936 291 938 298 ¹

82 345 240 416 Scripturas
257 346 331 415 leges
349 345 472 413 stragia
489 346 573 400 verba
590 346 734 411 lanistae,

81 421 185 476 Multos
202 438 285 493 porro
302 421 380 476 vides
399 437 468 490 quos
486 437 569 491 saepe
586 422 678 476 elusus
695 423 732 477 ad
748 422 841 492 ipsum

82 498 210 553 Creditor
228 497 369 552 introitum
388 497 459 551 solet
478 501 638 567 exspectare
656 499 771 567 macelli,
908 514 934 554 ro

82 575 120 628 Et
138 575 236 643 quibus
253 574 283 627 in
300 573 357 628 solo
374 573 484 628 vivendi
502 590 583 628 causa
600 575 693 643 palato
714 579 763 631 est.

82 651 216 720 Egregius
233 653 329 705 coenat
346 650 497 719 meliusque
513 651 682 706 miserrimus
698 651 806 721 horum,

82 726 118 780 Et
136 727 192 780 cito
209 743 320 780 casums
339 724 400 795 jam
416 726 576 796 perlucente
592 727 677 781 ruina

83 803 195 857 Interea
211 807 307 872 gustus
325 803 461 857 elementa
478 818 528 871 per
545 803 636 857 omnia
653 808 796 873 quaerunt,

81 880 228 948 Nunquam
246 878 337 933 animo
353 878 451 947 pretiis
468 878 653 933 obstantibus:
677 880 792 935 interius
810 880 834 935 si
907 897 931 936 15

82 954 231 1022 Attendas‚
248 955 333 1022 magis
350 954 397 1008 illa
416 953 517 1022 juvant
533 970 605 1023 quae
622 954 708 1024 pluris
727 961 860 1011 emuntur.

81 1032 154 1100 llrgo
172 1030 247 1085 haud
264 1030 373 1085 difficile
391 1033 434 1084 est
451 1030 603 1099 perituram
620 1046 757 1085 arcessere
775 1049 909 1087 summam

80 1107 216 1161 Lancibus
233 1107 365 1175 oppositis
382 1106 425 1160 vel
441 1106 537 1160 matris
554 1106 673 1174 imagine
690 1108 784 1177 fracta,

80 1183 119 1238 Et
136 1182 342 1252 quadringentis
359 1182 478 1236 nummis
496 1181 607 1235 condire
624 1183 749 1250 gulosum

81 1260 186 1314 Fictile.
221 1258 266 1313 Sic
282 1259 394 1313 veniunt
411 1258 448 1311 ad
465 1257 637 1312 miscellanea
654 1257 718 1314 ludi.
904 1275 930 1314 ao

115 1337 213 1390 Refert
229 1351 296 1404 ergo
313 1335 375 1404 quis
392 1334 460 1388 haec
478 1333 574 1388 eadem
592 1337 685 1403 paret;
705 1336 734 1389 in
753 1335 848 1391 Rutilo
864 1353 928 1391 nam

80 1412 202 1466 Luxuria
219 1415 269 1479 est,
287 1411 315 1465 in
333 1411 465 1467 Ventidio
481 1410 618 1464 laudabile
635 1428 734 1466 nomen

80 1488 170 1543 Sumit
187 1492 217 1543 et
233 1504 250 1542 a
267 1504 349 1542 censu
365 1488 465 1542 lamam
482 1486 574 1542 trahit
613 1487 696 1541 Illum
713 1504 764 1557 ego
783 1487 848 1557 jure

79 1563 237 1635 Despiciam
255 1564 302 1633 qui
320 1564 373 1618 scit
391 1565 494 1632 quanto
512 1562 653 1616 sublimior
671 1563 754 1618 Atlas

79 1639 213 1694 Omnibus
228 1639 258 1693 in
277 1639 363 1709 Libya
380 1640 417 1694 sit
434 1639 581 1708 montibus,
598 1639 643 1693 hic
659 1642 752 1694 tamen
769 1639 843 1696 idem
906 1656 929 1694 aa

80 1716 194 1785 Ignorat
212 1719 345 1785 quantum
363 1715 468 1770 ferrata
484 1715 570 1770 distet
587 1715 623 1768 ab
641 1731 705 1770 arca

80 1792 215 1847 sacculus.
252 1793 275 1846 Ε
293 1791 367 1847 caelo
385 1791 624 1863 descenditque&
643 1791 759 1856 σεαυτόν,

80 1868 232 1937 Figendum
250 1871 280 1922 et
296 1867 410 1922 memori
425 1862 601 1920 tractandum
618 1870 736 1936 pectore,
754 1865 812 1922 sive

79 1945 244 2015 Oonjugium
262 1960 377 2014 quaeras
395 1941 437 1996 vel
454 1941 523 1996 sacri
541 1943 569 1996 in
586 1947 665 2012 parte
683 1943 801 1997 Senatum

78 2020 147 2075 Esse
164 2020 239 2089 velis,
257 2021 318 2088 (nec
335 2019 408 2073 enim
424 2015 536 2071 loricam
554 2019 641 2085 poscit
658 2017 774 2072 Achillis
903 2032 926 2073 co

76 2096 225 2163 Thersites,
243 2096 271 2148 in
289 2111 345 2165 qua
362 2111 392 2148 se
409 2092 572 2147 traducebat
589 2092 687 2147 Ulixes

79 2172 263 2243 Ancipitem;)
280 2188 329 2225 seu
346 2174 378 2224 tu
395 2185 493 2237 magno
511 2168 667 2222 discrimine
684 2185 794 2223 causam

78 2248 228 2317 Protegere
246 2248 365 2314 affectas,
383 2248 412 2301 te
428 2245 545 2313 consule,
563 2244 607 2299 dic
623 2244 674 2298 tibi
692 2246 753 2314 quis
769 2245 817 2324 sis,

78 2324 178 2378 Orator
198 2324 344 2378 vehemens
362 2339 398 2376 an
417 2320 530 2376 Curtius
550 2324 580 2374 et
599 2321 694 2376 Matho
712 2321 821 2376 buccae.

78 2400 223 2455 Noscenda
242 2403 285 2454 est
305 2414 432 2452 mensura
449 2397 492 2452 sui
513 2397 716 2467 spectandaque
736 2396 819 2453 rebus
902 2412 927 2453 os

79 2476 111 2529 In
133 2476 244 2530 summis
262 2474 448 2543 minimisque;
470 2473 555 2527 etiam
576 2490 660 2542 quum
678 2474 760 2544 piscis
780 2476 888 2527 emetur

77 2552 104 2605 N
106 2568 122 2606 e
141 2551 254 2606 mullum
273 2550 366 2620 cupias
383 2566 470 2619 quum
488 2550 526 2603 sit
543 2549 595 2605 tibi
615 2550 696 2619 gobio
714 2553 823 2604 tanturn

78 2628 113 2681 In
132 2627 234 2683 loculis.
271 2626 338 2692 Quis
357 2626 430 2681 enim
449 2630 479 2680 te
500 2625 645 2681 deficiente
664 2642 793 2681 crumena

77 2703 115 2758 lit
135 2707 276 2759 crescente
294 2703 358 2771 gula
376 2706 470 2758 manet
491 2703 587 2781 esitus,
607 2719 670 2757 aere
689 2707 803 2772 patemo

78 2781 121 2834 Ac
140 2779 223 2834 rebus
242 2780 338 2833 mersis
358 2779 386 2832 in
407 2782 537 2844 ventrem,
555 2779 657 2833 fenoris
676 2783 761 2848 atque
901 2791 925 2830 co

77 2857 195 2924 Argenti
215 2855 306 2925 gravis
325 2858 355 2909 et
376 2871 505 2924 pecorum
523 2871 704 2923 agrorumque
723 2854 866 2922 capacemi

77 2931 187 2986 Talibus
206 2947 224 2985 a
241 2930 358 2986 dominis
377 2935 439 3000 post
459 2933 557 2985 cuncta
577 2930 736 2984 norissimus
755 2928 814 2984 exit

77 3007 211 3077 Annulus,
229 3011 260 3062 et
280 3007 367 3076 digito
388 3006 526 3062 mendicat
546 3005 632 3061 Pollio
651 3005 732 3060 nudo.

62 3083 131 3131 Non
146 3085 323 3147 praematuri
343 3084 448 3140 moeres
469 3099 519 3138 nec
539 3083 620 3137 funus
640 3082 767 3137 acerbum

44 3147 200 3228 Luxuriae,
222 3159 279 3211 sed
295 3165 392 3216 morte
411 3161 502 3232 magis
520 3159 673 3217 metuenda
688 3161 826 3215 senectus.
904 3173 930 3210 ss

23 3210 74 3266 ὦ
85 3219 273 3298 plenamque
292 3237 427 3302 medus:
451 3237 602 3295 conducta
617 3236 742 3309 pecunia
759 3235 868 3288 1111111ῡὸ
