2040 3510
109 162 141 210 94
344 164 376 212 D.
396 160 503 214 JUNII
518 162 728 218 iuventtis

107 249 133 302 N
135 265 165 303 os
181 249 256 319 vulgi
273 251 361 306 scelus
378 255 409 306 et
426 253 531 306 cunctis
547 252 673 320 graviora
690 250 839 307 cothurnis.

107 325 179 379 Nam
186 326 420 394 scelus,aPyrrha
428 344 582 397 quanquam
591 325 913 394 omniasyrmatavolvas,
935 339 962 379 so

107 400 205 455 Nullus
223 402 297 471 apud
313 403 432 471 tragicos
448 404 566 473 populns
582 403 656 457 facit
694 402 797 471 Accipe
814 406 908 458 nostro

107 476 174 530 Dira
192 478 266 546 quod
283 479 439 548 exemplum
457 480 552 533 feritas
570 478 733 547 produxerit
750 492 824 531 aevo.

142 555 221 608 Inter
238 554 368 608 finitimos
385 560 464 610 vetus
482 559 565 624 atque
582 555 696 622 antiqua
714 553 846 620 simultas,

107 629 265 684 Immortala
283 630 376 684 odium
394 635 423 685 et
441 647 580 699 nunquam
598 629 718 684 sanabile
736 628 833 684 vulnus

106 706 199 761 Ardet
210 707 306 775 adhuc,
320 707 422 761 Ombos
433 711 463 761 et
476 709 600 776 Tentyra
626 707 754 761 Summus
764 705 894 775 utrinque
934 720 960 762 at

106 780 177 836 Inde
195 783 270 836 furor
287 783 369 851 vulgo
386 784 461 853 qnod
478 785 589 837 nmnina
606 784 756 837 vicinorum

106 856 174 912 Odit
191 863 307 928 uterque
324 860 406 928 locus,
426 877 510 930 quum
529 860 600 914 solos
617 858 714 913 credat
731 857 872 912 habendos

106 934 172 989 Esse
191 936 257 990 deos
276 953 342 1005 quos
360 937 420 1006 ipso
438 937 509 991 colit.
545 935 601 990 Sed
619 938 742 1003 tempore
758 934 830 989 festo

106 1010 228 1065 Alterius
246 1012 338 1082 populi
356 1013 488 1081 rapienda
505 1012 610 1066 occasio
628 1011 734 1065 cunctis

104 1086 172 1141 Visa
188 1089 356 1142 inimicorum
374 1089 539 1157 primoribus
556 1105 588 1142 ac
606 1087 728 1155 ducibus,
746 1103 781 1140 ne
933 1103 959 1143 so

104 1163 221 1218 Laetum
238 1164 406 1233 hilaremque
424 1165 505 1232 diem,
523 1182 558 1218 ne
576 1181 691 1232 magnae
708 1163 809 1231 gaudia
826 1180 928 1219 coenae

105 1239 252 1307 Sentirent‚
270 1241 364 1309 positis
382 1240 419 1293 ad
436 1241 539 1308 templa
557 1244 586 1294 ot
603 1239 724 1308 compita
741 1240 841 1293 mensis

105 1315 288 1384 Pervigiliquo
305 1320 373 1381 toro,
391 1333 474 1384 quem
492 1321 572 1371 nocte
590 1332 621 1370 ac
638 1315 699 1368 luco
713 1314 852 1382 jacentem

107 1392 244 1461 Septimus
262 1392 399 1446 interdum
417 1393 457 1446 sol
475 1392 587 1446 invenit.
624 1391 746 1445 Horrida
763 1406 829 1446 sane

107 1470 264 1536 Aegyptum
283 1467 332 1522 sed
350 1467 465 1536 luxuria,
483 1472 615 1538 quantum
632 1468 690 1536 ipse
706 1467 806 1536 notavi,
933 1484 959 1525 tt

111 1544 234 1599 Barbara
250 1543 353 1598 famoso
370 1562 424 1598 non
442 1545 517 1600 cedit
534 1545 616 1599 turba
634 1543 750 1611 Canopo.
836 1565 839 1572 ·

105 1620 188 1675 Adde
206 1620 280 1689 quod
297 1624 327 1674 et
344 1620 429 1674 facilis
448 1623 559 1675 victoria
576 1621 612 1674 de
630 1619 748 1673 madidis
766 1623 796 1674 et

104 1696 209 1750 Blaesis
227 1701 311 1764 atquc
329 1712 405 1750 mero
422 1697 613 1752 titubantibus.
651 1695 722 1749 Inde
738 1695 859 1750 virorum

105 1773 226 1827 saltatus
244 1773 323 1839 nigro
340 1773 460 1839 tibicine,
478 1774 678 1843 qualiacunque

104 1849 251 1917 Unguenta
268 1853 298 1902 ct
315 1848 395 1902 flores
413 1849 571 1919 multaeque
587 1851 617 1903 in
635 1850 726 1905 fronte
744 1867 882 1919 coronae,
933 1865 958 1906 to

104 1925 176 1978 Hinc
191 1923 318 1992 jejunum
337 1924 438 1980 odium.
474 1926 528 1980 Sed
543 1925 637 1994 jurgia
653 1926 741 1993 prima
758 1943 854 1981 sonare

103 2000 241 2067 Incipiunt
259 1999 356 2053 animis
373 2000 550 2066 ardentibns;
567 2001 634 2054 haec
651 2000 720 2055 tuba
736 2001 819 2056 rixae.

103 2075 175 2129 Dein
192 2075 309 2129 clamore
327 2076 386 2144 pari
404 2077 581 2141 concurritur,
599 2082 628 2129 et
645 2077 703 2129 vico
720 2077 771 2129 teli

103 2151 195 2206 Saevit
211 2151 287 2204 nuda
303 2168 411 2204 manns:
429 2168 532 2219 paucae
551 2152 610 2205 sine
629 2151 741 2205 vulnere
759 2153 865 2217 malae;

103 2228 158 2281 Vix
177 2226 302 2294 cuiquam
321 2231 370 2280 out
387 2227 455 2281 nulli
473 2231 532 2281 toto
551 2227 700 2281 certamine
719 2244 801 2281 nasus
928 2243 954 2284 ts

103 2304 224 2371 Integer.
260 2303 409 2371 Aspiceres
425 2301 484 2371 jam
505 2306 603 2358 cuncta
621 2320 673 2373 per
691 2304 799 2372 agmina
817 2306 910 2361 vultus

103 2379 244 2447 Dimidios,
264 2379 331 2433 alias
349 2379 434 2435 facies
452 2383 482 2435 et
500 2380 604 2434 hiantia
624 2381 714 2450 ruptis

103 2456 172 2510 Ossa
189 2455 274 2525 genis,
293 2456 387 2524 plenos
406 2457 546 2511 oculorum
564 2458 695 2526 sanguino
717 2474 829 2528 pugnos.

104 2532 212 2587 Ludere
231 2549 261 2586 se
280 2532 396 2586 credunt
414 2534 467 2603 ipsi
485 2538 579 2589 tomen
599 2540 628 2588 et
646 2535 765 2603 pueriles

102 2611 238 2664 leercere
255 2608 334 2676 acies,
354 2611 429 2678 quod
448 2611 522 2664 nulla
540 2610 674 2664 cadavera
693 2611 817 2666 calcent:
931 2629 957 2668 eo

102 2687 140 2742 Et
159 2703 223 2740 sane
242 2703 297 2754 quo
314 2690 358 2739 tot
377 2687 492 2741 rixantis
514 2687 599 2740 millia
617 2688 719 2742 turbae

103 2764 131 2819 Si
149 2763 245 2818 vivunt
263 2763 371 2817 omnes?
407 2764 479 2831 Ergo
497 2764 585 2817 acrior
604 2763 728 2832 impetus,
748 2762 852 2832 etjam

102 2843 174 2896 Saxa
192 2839 333 2894 inclinatis
352 2856 401 2908 per
420 2838 532 2893 humum
553 2841 677 2909 quaesita
696 2839 809 2894 lacertis

102 2917 243 2986 Incipiunt
262 2919 397 2984 torquere,
417 2916 567 2970 domestica
585 2915 713 2970 seditioni

102 2992 183 3046 'Pela:
203 3009 254 3047 nec
270 2994 341 3045 hunc
352 2992 479 3061 lapidem,
492 2991 587 3061 quales
599 2996 628 3046 ot
640 2991 746 3045 Turnus
757 2994 786 3046 et
798 2991 884 3061 Ajrax,
932 3007 957 3048 te

102 3067 153 3120 Vel
174 3085 228 3134 qno
247 3067 365 3135 Tydides
383 3068 520 3137 percussit
538 3067 660 3136 pondere
678 3083 775 3121 coxam

79 3141 218 3203 Aeneae;
237 3142 294 3194 sed
312 3160 396 3212 quem
418 3145 532 3201 valeant
551 3143 683 3199 emittere
702 3142 820 3198 dextrae

59 3203 131 3256 Illis
152 3210 311 3270 dissimiles
332 3225 366 3277 et
382 3228 486 3281 nostro
508 3227 643 3294 tempore
660 3222 755 3276 name
