2040 3510
84 321 114 368 88
314 320 347 370 D.
363 319 472 368 JUNII
488 321 507 369 J
511 320 697 370 UVENALIS

81 408 147 463 Mox
164 408 322 478 acquirendi
340 408 422 463 docet
437 407 590 463 insatiabile
607 412 707 477 votum
895 428 932 468 ηε

81 484 226 539 Servorum
243 489 354 539 ventres
373 483 464 537 modio
481 484 598 552 castiget
614 484 707 554 iniquo

82 561 146 630 Ipse
155 578 262 630 quoque
270 562 499 630 esurienstneque
509 561 580 613 enim
587 562 678 615 omnin
685 559 803 618 sustinet
810 575 930 634 unquam

80 637 190 692 Muoido
207 638 325 692 caenulei
342 636 420 706 ponis
437 653 595 691 consumere
613 637 708 706 frusto,

80 714 247 769 Hesternum
265 714 361 767 solitus
379 714 469 768 medio
486 730 596 768 servare
614 715 728 769 minutal

79 791 239 861 Septembri,
257 806 308 844 nec
325 807 378 844 non
397 789 507 844 differre
524 790 552 843 in
570 794 695 860 tempore
713 808 812 847 coenae
894 807 931 848 reo

80 867 203 921 Alterius
221 866 350 921 conchem
368 866 500 921 aestivam
519 883 580 920 cum
597 871 676 935 parte
694 868 791 942 lacerti

79 944 217 1012 Signatum
235 943 279 997 vol
298 943 411 997 dimidio
428 938 558 1013 putrique
576 944 666 1011 siluro,

79 1019 192 1088 Filaque
209 1020 304 1074 sectivi
321 1024 465 1074 numeratu
481 1020 622 1073 includere
639 1021 721 1088 porri.

78 1095 215 1150 invitatus
232 1097 267 1150 nd
287 1098 354 1151 hoec
373 1097 471 1166 aliquis
490 1097 526 1151 de
544 1101 627 1166 ponte
644 1098 765 1166 negabit.

78 1172 133 1226 Sed
151 1189 205 1240 quo
225 1173 334 1227 divitias
352 1172 420 1227 haec
438 1191 488 1243 per
506 1177 644 1227 tormenta
662 1179 777 1241 coactos,
892 1192 928 1232 res

77 1248 166 1313 Quum
182 1249 258 1303 furor
270 1248 344 1304 haud
358 1250 465 1317 dubius,
478 1260 562 1319 quum
574 1250 610 1302 sit
621 1250 766 1304 manifesto
776 1250 927 1322 phrenesis,

75 1326 116 1379 Ut
134 1327 253 1396 locuples
272 1327 395 1380 morioris
415 1326 521 1394 egentis
538 1326 630 1379 vivere
647 1326 721 1380 fetol

76 1402 187 1456 luteres
204 1402 285 1472 pleno
304 1420 388 1472 quum
407 1406 502 1470 turget
520 1401 642 1455 socculm
661 1418 716 1471 ore,

76 1477 181 1533 Crescit
199 1495 276 1532 emor
293 1479 397 1532 nummi
415 1483 547 1552 quantum
565 1478 625 1546 ipsa
641 1479 758 1547 pecunie
775 1481 863 1535 crevit
872 1502 880 1547 ;

75 1554 112 1609 ut
123 1555 212 1608 minus
224 1554 293 1609 hano
306 1559 384 1624 optat
396 1555 444 1624 qui
458 1571 512 1608 uon
524 1553 615 1609 habet.
653 1555 726 1622 Ergo
738 1559 852 1623 paratur
891 1572 927 1612 mo

75 1632 173 1686 Altera
191 1632 255 1685 villa
272 1632 324 1686 tibi
343 1648 427 1701 quum
444 1643 492 1685 'rus
508 1649 563 1685 non
581 1631 680 1686 sufficit
697 1648 789 1699 unum,

74 1709 110 1763 ut
126 1710 249 1779 proferre
266 1710 335 1765 libet
353 1710 429 1778 fines,
447 1710 589 1779 majorque
607 1709 716 1763 videtur

73 1785 110 1839 ut
127 1786 222 1839 melior
239 1787 326 1840 vicina
345 1803 437 1855 seges:
453 1787 582 1839 mercaris
600 1790 630 1840 et
647 1785 716 1840 hono
734 1789 765 1840 et

74 1862 197 1916 Arbustn
215 1868 244 1917 et
262 1863 348 1917 dense
365 1868 486 1917 montem
506 1863 553 1932 qui
570 1866 652 1917 canet
669 1862 747 1916 olive

73 1938 195 2002 Quorum
213 1939 235 1992 si
253 1940 343 2009 pretio
361 1940 487 1994 dominus
504 1956 558 2012 non
574 1940 693 1993 vincitur
709 1939 773 2007 ullo,
888 1955 925 1994 14⁵

72 2016 161 2069 Nocte
179 2015 261 2070 boves
279 2011 363 2070 macri
379 2016 505 2084 lassoque
522 2016 645 2070 famelico
662 2016 731 2069 collo
881 2005 886 2018 ’

72 2089 204 2145 dumento
221 2092 257 2145 ed
274 2092 376 2146 virides
394 2092 475 2160 hujus
493 2092 642 2146 mittuntur
662 2093 774 2158 oristus;

72 2166 130 2222 Neo
147 2169 223 2239 prius
240 2169 304 2222 inde
322 2168 433 2221 domum
451 2185 533 2236 quum
551 2171 611 2222 tote
628 2167 734 2221 novalia
751 2182 846 2222 saevos

72 2245 107 2298 In
123 2249 234 2299 ventres
252 2245 360 2313 obeant,
377 2248 410 2298 ut
427 2245 523 2298 credas
540 2243 655 2297 falcibus
673 2248 770 2297 actum

71 2319 169 2374 Dicere
186 2320 231 2373 vix
250 2321 336 2388 possis
354 2337 437 2389 quom
453 2320 533 2373 multi
553 2319 618 2372 tolie
635 2318 752 2386 plorent,
886 2335 923 2375 mo

70 2397 107 2451 Et
125 2400 193 2465 quot
210 2392 320 2450 venales
337 2396 439 2464 injurie
457 2396 553 2451 lecerit
570 2411 655 2463 agros.

71 2473 126 2528 Sed
143 2475 190 2542 qui
208 2477 360 2527 sermones!
380 2490 463 2542 quem
480 2473 577 2526 foedae
595 2470 708 2526 buccina
724 2472 828 2528 famae!

71 2550 164 2615 “Quid
176 2553 257 2603 nocet
268 2550 372 2604 hoeol’'
384 2551 481 2619 inquit.
512 2548 660 2602 “Turicum
672 2548 740 2601 mihi
751 2549 822 2603 melo
834 2549 921 2618 lupini

71 2625 157 2690 Quom
175 2627 197 2680 si
215 2643 260 2680 me
277 2628 336 2681 toto
353 2620 448 2681 laudet
466 2625 564 2681 vicinio
581 2641 651 2694 pago

70 2703 168 2771 Exigui
186 2702 257 2756 ruris
275 2703 438 2772 paucissima
455 2703 530 2757 sorra
548 2700 709 2756 cecanum?
884 2714 920 2754 iss

70 2779 177 2834 Scilicet
196 2782 225 2834 et
243 2779 344 2833 morbis
362 2785 391 2834 et
408 2780 551 2834 debilitate
569 2777 673 2832 carebis

69 2856 107 2909 Et
123 2856 228 2910 luctum
246 2859 275 2909 et
292 2873 386 2910 curem
404 2856 523 2925 effugies,
542 2859 571 2909 et
589 2858 714 2922 temporo
730 2856 805 2908 vitoe

70 2932 163 3001 Longa
179 2932 231 2987 tibi
248 2936 311 3002 post
328 2933 395 2986 haec
412 2934 470 2987 foto
487 2931 600 2986 meliore
618 2929 764 2998 dabuntur,

69 3009 98 3063 Si
115 3014 222 3064 tentum
241 3006 306 3063 culti
324 3009 396 3063 solus
413 3008 568 3078 possederis
585 3007 643 3075 agri

55 3080 199 3136 Quantum
216 3085 272 3136 sub
292 3085 370 3139 Tatio
385 3086 505 3156 populus
523 3083 662 3138 Romanus
680 3081 785 3137 arabat.
881 3098 918 3139 1oo

32 3143 217 3232 Monetium
236 3160 339 3216 fucris
356 3166 454 3218 aetate
472 3179 507 3219 ao
525 3162 631 3218 Punite.
646 3159 736 3231 possis

15 3207 138 3274 Proelm
160 3230 207 3280 rel
226 3232 377 3300 Pyrrhum
398 3240 558 3298 immunem
576 3239 742 3311 gladiosque
755 3235 895 3290 Molossos

55 3285 140 3378 'd⁰¹,²²
153 3314 220 3364 ΡΜ
237 3313 345 3369 multu
368 3315 421 3374 vix
436 3319 553 3390 jugere
569 3320 643 3374 bine
661 3317 804 3372 debentur

71 3367 190 3430 mbflss·
221 3381 364 3448 Merces
384 3395 466 3453 hmo
487 3396 650 3468 smiguinio
667 3398 761 3466 etque
775 3383 887 3446 lenosis
