2040 3510
106 253 152 300 114
367 252 398 298 n.
418 251 538 300 Pnasn
557 253 685 302 rancor
706 218 708 220 ¹

101 340 178 394 Folle
196 340 298 411 premis
315 337 413 394 uentos
431 355 482 392 nec
499 339 589 393 clauso
607 355 745 395 murmure
761 359 859 398 raucus

101 417 127 469 N
129 417 198 470 ascio
217 414 285 483 quid
303 421 395 470 tecum
412 431 494 482 gmve
512 414 657 468 cornicaris
673 415 774 485 inepte,

101 492 127 544 N
128 509 159 546 ec
177 491 284 560 stioppo
303 489 423 544 tumidas
440 489 560 543 intendis
577 507 705 560 rumpere
722 492 835 546 buccas:

101 568 194 621 Verba
211 571 292 636 togae
309 567 431 636 sequeris
443 565 575 634 junctura
592 566 706 621 callidus
723 569 787 636 acri,

101 643 155 697 Ore
173 648 247 698 teres
265 644 379 712 modico,
397 643 530 712 pallentes
549 643 647 698 radere
664 660 754 698 mores
927 659 951 698 rs

101 720 204 775 Doctus
223 727 252 776 et
270 721 386 788 ingenuo
405 719 511 788 culpem
531 719 651 788 defigere
669 720 741 774 ludo.

103 797 173 851 Hinc
191 798 269 852 trahe
287 815 356 867 quae
375 796 456 863 dicas,
475 813 637 866 mensasque
655 797 777 867 relinque
795 800 917 866 Mycenis

101 875 169 926 Oum
186 877 276 942 capite
293 878 321 927 et
339 872 463 942 pedibus,
482 873 643 944 plebeioque
661 875 777 944 prandia
795 877 889 929 noris.''

136 951 196 1004 Non
216 952 341 1020 equidem
361 950 412 1004 hoc
430 952 536 1019 studeo,
556 952 667 1021 pullatis
684 956 717 1005 ut
734 952 800 1005 mihi
818 953 897 1021 nugis

102 1028 204 1094 Pagina
223 1032 370 1097 turgescet,
390 1027 457 1082 dare
476 1028 583 1098 pondus
600 1027 699 1082 idonea
715 1028 796 1082 fumo.
926 1043 950 1079 m

101 1105 204 1157 decreti
216 1106 358 1173 loquimur,
378 1104 428 1158 tibi
446 1120 517 1159 nunc
535 1105 663 1160 hortante
682 1105 800 1159 Camena

100 1179 270 1234 Excutienda
289 1180 384 1234 darnus
402 1181 568 1250 praecordia,
587 1184 743 1250 quantaque
760 1186 870 1235 nostrae
947 1177 966 1209 ’·

101 1257 167 1309 Pars
185 1263 232 1310 tua
250 1259 293 1324 sit,
314 1258 441 1322 Comata
461 1258 566 1311 animae
585 1257 643 1322 tibi,
663 1256 750 1310 dulcis
767 1257 859 1321 amice,

100 1333 260 1386 Ostendisse
275 1332 368 1400 juvat:
394 1333 481 1400 pulsa,
500 1332 659 1400 dignoscere
678 1337 773 1387 cautus

101 1409 173 1473 Quid
190 1409 306 1462 solidum
324 1414 419 1478 crepet
436 1416 465 1464 et
482 1408 572 1478 pictae
590 1411 707 1463 tectoria
725 1409 839 1476 linguae.
925 1421 947 1458 aa

101 1486 153 1539 His
171 1503 221 1554 ego
239 1490 367 1539 centenas
385 1486 472 1539 ausim
491 1486 638 1552 deposcere
656 1488 756 1553 fauces,

100 1562 140 1615 Ut
158 1567 289 1630 quantum
308 1562 374 1615 mihi
391 1566 420 1616 te
438 1563 546 1616 sinuoso
565 1562 593 1616 in
611 1567 723 1632 pectore
742 1562 789 1615 fixi

101 1639 173 1692 Voce
190 1639 298 1692 traham
316 1655 391 1708 pura,
410 1644 554 1707 totumque
572 1640 622 1693 hoc
641 1640 724 1693 verba
741 1639 879 1706 resignent

101 1715 179 1780 Quod
197 1715 267 1770 latet
284 1732 383 1769 arcana
399 1732 453 1768 non
471 1715 624 1770 enarrabile
641 1716 717 1769 fibra

134 1793 202 1846 Cum
221 1793 338 1859 primum
356 1791 455 1860 pavido
474 1794 566 1845 custos
581 1792 649 1846 mihi
666 1808 788 1862 purpura
804 1790 894 1856 cessit,
925 1805 948 1843 so
992 1853 993 1857 Ἰ

103 1869 234 1936 Bullaque
252 1868 397 1923 succinctis
415 1868 530 1922 Laribus
548 1868 651 1922 donata
668 1868 815 1938 pependit;

100 1943 168 1997 (ium
187 1944 280 1997 blandi
297 1946 410 1998 comites
428 1949 541 2012 totaque
559 1944 670 2014 impune
689 1945 810 1998 Saburra

102 2021 228 2074 Permisit
247 2021 376 2088 sparsisse
394 2022 485 2075 oculos
498 2022 556 2090 jam
577 2020 709 2074 candidus
727 2020 823 2079 umbo:

101 2098 223 2166 Cumque
241 2097 296 2150 iter
313 2096 469 2166 ambiguum
489 2101 539 2162 est,
559 2101 588 2151 et
606 2097 679 2151 vitae
697 2097 805 2150 nescius
822 2112 899 2149 error

102 2173 353 2241 1›idueittrepidas
372 2189 478 2226 ramosa
496 2173 524 2225 in
543 2172 661 2240 compita
678 2177 790 2238 mentes,
925 2185 950 2224 ss

100 2250 146 2302 Me
164 2249 216 2302 tibi
235 2250 374 2317 supposui:
399 2253 508 2303 teneros
527 2252 558 2302 tu
575 2249 689 2317 suscipis
706 2265 789 2302 annos

100 2327 245 2391 Socratico,
266 2326 394 2392 Cornuto,
413 2326 489 2390 sinu;
512 2329 578 2379 tunc
596 2324 691 2379 fallere
709 2325 803 2378 sollers

101 2402 236 2472 Apposita
253 2401 369 2455 intortos
388 2401 514 2456 extendit
531 2401 625 2470 regula
643 2417 738 2468 mores,

100 2479 136 2532 m
153 2478 288 2546 premitur
305 2477 410 2531 ratione
428 2478 532 2531 animus
551 2477 675 2546 vincique
692 2477 805 2543 laborat,

101 2554 299 2623 Artifieenrque
318 2558 366 2607 tuo
384 2554 460 2608 ducit
478 2553 530 2607 sub
548 2553 644 2623 pollice
662 2553 774 2608 vultum.
928 2575 950 2612 so

100 2632 200 2685 Tecum
218 2630 319 2684 etenim
338 2629 430 2700 longos
449 2631 559 2684 memini
577 2647 735 2685 consumere
752 2631 829 2698 soles,

101 2710 135 2762 itt
153 2715 243 2763 tecum
260 2708 362 2776 primas
380 2708 466 2776 epulis
485 2707 634 2777 decerpere
651 2712 751 2761 noctes.

101 2785 191 2838 Unum
209 2801 277 2854 opus
296 2787 325 2838 et
342 2785 464 2854 requiem
483 2785 587 2853 pariter
605 2783 772 2853 disponimus
790 2783 877 2849 ambo,

101 2865 194 2928 Atque
211 2860 364 2915 verecunda
381 2861 502 2915 laxamus
520 2861 591 2914 seria
608 2877 706 2914 mensa.

101 2939 161 2990 Non
179 2937 306 3005 equidem
324 2936 376 2990 hoc
394 2936 510 3002 dubites,
529 2936 669 2990 amborum
687 2933 797 2988 foedere
815 2939 890 2983 certo
923 2949 945 2986 ss

100 3015 259 3068 Consentire
278 3013 337 3068 dies
355 3017 384 3067 et
401 3014 436 3067 ab
455 3031 508 3067 uno
526 3013 616 3066 sidere
635 3013 707 3066 duci:

88 3091 196 3139 Nostra
218 3090 259 3142 re)
277 3089 386 3158 aequali
404 3088 549 3160 suspendit
567 3093 692 3157 tempora
710 3087 792 3140 Libra

69 3155 165 3209 Parca
186 3167 275 3216 tener
296 3167 363 3233 reri,
382 3183 435 3222 seu
453 3171 522 3222 nata
540 3163 668 3220 fidelibus
684 3163 751 3218 hora

51 3220 205 3282 Diridit'
190 3249 224 3286 111
247 3240 387 3296 Geminos
407 3243 563 3300 concordia
581 3242 642 3298 iata
659 3241 788 3304 duorum

78 3294 272 3372 ‘mumque
289 3328 423 3378 gravem
440 3325 545 3376 nostro
563 3321 639 3376 Jove
657 3316 815 3387 frangimus
834 3334 907 3371 rma:
946 3329 970 3366 's
