2040 3510
410 164 545 213 SATIRA
561 164 612 213 XI.
904 166 934 218 73

86 254 151 311 Jam
171 254 268 312 nimios
288 255 426 326 capitique
445 272 552 323 graves.
587 255 660 308 Hinc
678 255 766 324 surgit
786 256 883 323 oreris,

86 331 160 386 Hinc
178 334 318 388 stomacho
338 334 424 396 rires;
447 350 510 386 nam
529 350 578 402 pes
596 336 743 400 argenteus
754 326 814 388 'illis

86 409 213 463 Annulus
231 409 260 463 in
281 409 368 478 digito
387 409 463 478 quod
482 410 595 464 ferreus.
631 409 704 476 Ergo
725 411 874 479 superbum

85 484 232 540 (lomiram
251 501 340 553 caveo,
360 485 408 553 qui
427 502 471 539 me
491 485 542 539 sibi
562 489 703 555 comparat
722 492 751 539 et
771 503 815 541 rcs
895 500 931 540 150

85 560 208 630 Despicit
228 563 348 630 exiguas.
387 561 467 616 Adeo
485 562 560 615 nulla
578 561 659 615 uncia
678 562 754 616 nobis

84 636 133 691 1151
153 636 249 704 eboris,
270 655 321 695 nec
340 638 471 705 tessellae,
491 654 541 691 nec
562 637 679 691 calculus
700 654 734 691 ex
753 637 803 693 hac

84 711 214 767 Materia:
238 714 303 784 quin
321 715 381 783 ipsa
402 713 544 767 manubria
565 712 737 768 cultellorum

84 787 186 854 Ossea3
209 806 262 842 non
280 793 373 844 tamen
394 789 435 843 his
454 789 510 842 ulla
529 805 650 858 unquam
670 789 782 843 obsonia
800 789 871 844 fiunt

84 862 243 933 Rancidula,
262 868 311 919 aut
328 864 390 918 ideo
409 863 488 934 pejor
504 864 606 932 gallina
627 870 742 918 secatur.
898 880 935 920 155

83 939 139 995 Sed
157 958 207 996 nec
225 945 346 996 structor
366 941 419 995 erit
438 940 482 995 cui
502 940 600 994 cedere
622 940 723 995 debeat
741 941 829 995 omnis
930 1008 933 1013 Ι

83 1015 210 1086 Pergula,
231 1018 379 1087 discipulus
400 1017 530 1086 Trypheri
550 1017 676 1084 doctoris,
698 1017 771 1087 apud
791 1035 872 1087 quem

83 1091 193 1148 flumine
214 1111 276 1150 cum
297 1110 395 1162 magno
412 1093 490 1161 lepus
509 1097 595 1162 atque
614 1110 681 1163 aper
702 1099 731 1147 et
749 1111 884 1163 pygargus

83 1169 121 1225 lit
140 1171 280 1240 Scythicae
300 1171 423 1224 volucres
444 1171 475 1224 et
493 1169 721 1240 phoenicopterus
739 1171 834 1239 ingens

83 1245 121 1300 llt
141 1247 274 1301 Gaetulus
294 1263 360 1315 oryx
378 1246 473 1300 hebeti
495 1246 647 1300 lautissima
665 1246 738 1300 ferro
898 1264 934 1303 uo

83 1322 222 1391 Caeditur,
243 1327 272 1378 51
290 1328 352 1378 tota
370 1327 448 1378 sonat
469 1323 560 1376 ulmea
578 1338 662 1376 coena
682 1322 812 1378 Suburra.

83 1397 141 1452 Nec
158 1399 275 1454 frustum
294 1415 409 1469 capreae
429 1398 582 1452 subducere
602 1416 653 1452 nec
673 1398 747 1452 latus
767 1401 853 1456 Afrae

83 1473 166 1529 Novit
185 1474 241 1529 avis
262 1479 362 1542 noster,
383 1475 533 1529 tirrmculus
555 1491 587 1528 ac
605 1473 681 1528 rudis
703 1476 777 1529 omni

86 1548 219 1620 Tempore
237 1553 266 1606 et
285 1551 399 1618 exiguae
419 1550 498 1603 furtis
517 1549 639 1604 imbutus
659 1551 763 1606 ofellae.

82 1625 207 1681 Plcbeios
223 1627 320 1681 calices
341 1631 370 1681 ct
389 1627 482 1696 paucis
503 1626 608 1679 assibus
630 1631 719 1681 emtos
897 1643 933 1683 115

82 1701 209 1771 Porrigat
226 1703 345 1757 incultus
365 1719 435 1772 puer
454 1705 537 1768 atque
560 1719 577 1755 a
595 1702 696 1770 frigore
715 1705 808 1769 tutus;

82 1776 145 1832 Non
166 1777 258 1847 Phryx
276 1783 324 1833 aut
339 1778 445 1847 Lycius,
465 1794 521 1831 non
539 1794 556 1830 a
576 1795 710 1846 mangone
729 1781 833 1849 petitus

82 1852 231 1923 Quisquam
250 1855 303 1909 erit
321 1858 350 1908 et
369 1870 475 1922 magno.
512 1854 602 1918 Quum
618 1871 712 1924 posces
726 1872 807 1924 posce
826 1856 931 1917 Latine.

82 1929 162 1985 Idem
180 1929 289 1986 habitus
308 1930 419 1997 cunctis,
440 1930 513 1985 tonsi
531 1931 655 2000 rectique
675 1931 765 2000 capilli

83 2007 177 2075 Atque
195 2006 276 2061 hodie
295 2010 405 2062 tantum
423 2010 537 2076 propter
556 2007 678 2061 convivia
698 2007 769 2076 pexi
896 2024 933 2064 150

82 2081 203 2136 Pastoris
223 2082 285 2136 duri
305 2086 349 2137 est
363 2082 408 2135 hic
428 2082 506 2151 filius,
524 2083 569 2136 ille
588 2083 712 2138 bubulci:

82 2158 207 2227 Suspirat
224 2158 305 2227 longo
324 2174 378 2212 11011
397 2159 483 2213 visam
501 2164 625 2228 tempore
644 2163 761 2213 matrem

81 2234 118 2289 111
136 2235 255 2288 casulam
276 2237 306 2289 et
324 2237 404 2289 notos
423 2235 510 2289 tristis
529 2235 669 2290 desiderat
687 2235 797 2306 haedos,

83 2310 199 2379 Ingenui
217 2311 309 2365 vultus
327 2327 396 2380 puer
414 2311 579 2379 ingenuique
598 2311 734 2381 pudoris.

81 2385 181 2452 Quales
199 2403 259 2441 csse
278 2386 359 2441 dccet
378 2403 448 2455 quos
466 2386 565 2441 ardens
584 2404 706 2457 purpura
723 2389 819 2445 restit:
897 2402 934 2442 rss

82 2461 140 2516 Nec
158 2462 304 2531 pugillares
323 2462 414 2517 defert
432 2463 461 2516 in
479 2461 578 2517 balnea
593 2480 692 2518 raucus

80 2538 239 2606 Testiculos,
259 2555 310 2593 nec
329 2538 467 2593 vellendas
483 2538 542 2607 jam
561 2538 689 2608 praebuit
707 2540 771 2608 alas,

81 2613 180 2669 Crasse
198 2631 248 2670 nec
267 2614 394 2684 opposito
411 2614 527 2684 pavidus
544 2614 615 2684 tegit
632 2616 744 2685 inguina
760 2619 849 2685 gutte.

81 2689 137 2745 Hic
155 2689 207 2745 tibi
225 2691 288 2745 rina
307 2690 386 2745 dabit
405 2690 503 2745 diffusa
521 2691 550 2745 in
567 2692 705 2746 montibus
721 2692 775 2746 illis

81 2770 109 2820 A
129 2767 228 2835 quibus
246 2768 306 2836 ipse
324 2767 407 2834 venit,
427 2783 542 2836 quorum
561 2767 612 2822 sub
632 2769 734 2823 vertice
749 2769 828 2825 lusit:
897 2785 934 2825 100

81 2843 208 2912 Namque
219 2860 275 2898 una
286 2847 370 2914 atque
381 2843 479 2898 eadem
491 2847 534 2898 est
546 2844 601 2897 vini
612 2845 701 2914 patria
712 2848 796 2916 atque
807 2846 930 2903 ministri.

81 2920 209 2974 Forsitan
228 2924 370 2990 exspectes
387 2924 420 2976 ut
439 2920 577 2975 Gaditana
594 2939 693 2976 canoro

81 2995 201 3065 Incipiat
218 2997 326 3066 prurire
345 2997 427 3051 choro
446 2997 597 3066 plausuque
615 2998 747 3066 probatae

82 3069 130 3123 Ad
148 3075 250 3127 terram
267 3073 385 3128 tremulo
402 3072 573 3127 descendant
590 3073 668 3127 clune
686 3073 812 3141 puellae.

80 3145 223 3214 (Spectant
239 3147 292 3204 hoc
308 3152 414 3221 nuptae
435 3148 522 3221 juxta
533 3148 695 3205 recubante
709 3146 819 3199 11111115
873 3207 881 3218 ι
923 3151 969 3185 a*

74 3219 154 3284 Quod
169 3223 281 3292 pudeat
299 3245 437 3287 narrasse
454 3229 587 3302 aliquem
600 3217 818 3297 praesentibus
826 3208 921 3273 115151
