2040 3510
404 179 536 229 SATIRA
553 177 602 227 Vl.
899 179 930 232 27

84 274 139 328 Sed
155 273 276 344 potanda
292 274 383 327 ferens
400 269 549 324 infantibus
567 268 653 321 ubera
669 267 782 336 magnis,

83 351 120 406 llt
138 368 219 420 saepe
235 348 372 403 horridior
387 345 515 415 glandem
532 348 657 398 ructante
675 343 781 398 marito.
909 359 933 398 10

83 427 190 497 Quippe
209 426 289 480 aliter
306 429 378 491 tunc,
397 423 464 477 orbe
481 438 551 475 novo
568 421 697 488 caeloque
714 419 828 488 recenti,

83 501 367 568 Vivebanthomines,
385 500 432 567 qui
449 501 531 568 rupto
549 497 647 550 robore
664 496 723 550 nati

83 579 266 648 Compositive
282 577 341 630 luto
358 576 445 629 nullos
462 575 580 628 habuere
599 577 733 642 parentes.

83 656 171 708 Multa
187 654 336 723 pudicitiae
353 653 453 707 veteris
471 652 586 719 vestigia
604 650 695 703 forsan

84 732 143 784 Aut
154 731 245 799 aliqua
257 729 411 784 exstiterint
423 735 452 782 et
465 729 515 781 sub
529 728 547 780 J
550 744 614 791 ove;
632 726 681 780 sed
693 726 765 780 Jove
777 725 896 780 nondum
908 741 932 779 15

83 804 211 872 Barbato,
228 804 348 858 nondum
367 803 478 858 Graecis
492 803 588 871 jurare
606 802 710 871 paratis

85 881 138 934 Per
155 884 238 948 caput
255 881 373 947 alterius,
391 896 475 949 quum
493 880 582 932 furem
600 895 680 932 nemo
698 879 809 932 timeret

84 956 212 1011 Garrlibus
230 960 277 1010 aut
295 957 381 1026 pomis
399 960 428 1010 et
446 960 542 1024 aperto
560 955 665 1009 viveret
683 955 771 1009 horto.

85 1032 228 1086 Paullatim
247 1033 345 1087 deinde
364 1033 399 1087 ad
417 1049 530 1102 superos
550 1036 670 1086 Astraea
687 1032 802 1086 recessit

86 1109 146 1162 Hac
162 1109 266 1176 comite,
284 1113 368 1179 atque
386 1109 457 1164 duae
475 1109 579 1178 pariter
596 1109 691 1176 lugere
709 1125 821 1162 sorores.
907 1125 933 1163 ao

86 1185 237 1254 Antiquam
254 1189 283 1239 et
300 1189 379 1240 vetus
397 1188 441 1239 est
458 1186 584 1252 alienum,
604 1185 741 1251 Postume,
759 1185 859 1238 lectum

85 1260 234 1315 Concutere
251 1264 335 1331 atque
353 1262 423 1316 sacri
444 1263 559 1316 Genium
577 1265 751 1316 contemnere
768 1261 854 1316 fulcri.

84 1335 171 1391 Omne
188 1337 262 1391 aliud
280 1339 382 1394 crimen
400 1355 464 1392 mox
482 1340 571 1392 ferrea
589 1338 703 1407 protulit
721 1341 812 1403 aetas3

83 1411 220 1467 Viderunt
237 1414 341 1483 primos
357 1418 488 1483 argentea
506 1415 597 1468 secula
615 1415 746 1468 moechos

83 1487 252 1543 (lomentum
270 1493 363 1544 tamen
381 1497 410 1544 et
427 1495 538 1560 pactum
557 1496 585 1544 et
604 1491 739 1559 sponsalia
756 1493 849 1545 nostra
908 1506 932 1545 ae

83 1564 255 1634 Tempestate
273 1583 360 1634 paras,
377 1566 490 1634 jamque
508 1584 525 1619 a
542 1570 653 1620 tonsore
670 1567 800 1634 magistro

82 1639 205 1695 Pecteris
222 1645 252 1695 et
270 1642 357 1710 digito
375 1643 474 1711 pignus
492 1643 607 1696 fortasse
626 1642 733 1695 dedisti.

83 1716 166 1771 Certe
184 1734 266 1771 sanus
284 1734 357 1771 eras:
378 1735 499 1785 uxorem,
517 1718 654 1785 Postume,
674 1718 769 1773 ducisl

82 1793 133 1847 Dic
151 1810 206 1861 qua
224 1793 374 1861 Tisiphone,
394 1794 492 1861 quibus
511 1794 652 1861 exagitare
669 1793 803 1850 colubrisl

83 1867 166 1922 Ilerre
185 1872 263 1938 potes
283 1869 420 1924 dominam
441 1871 520 1923 salvis
539 1873 582 1923 tot
600 1869 719 1926 restibus
739 1871 829 1938 ullam,
908 1887 932 1925 so

84 1945 175 2010 Quum
194 1948 308 2015 pateant
326 1946 399 2000 altae
418 1946 620 2015 caligantesque
639 1946 784 2013 fenestrae,

84 2021 173 2086 Quum
193 2021 245 2075 tibi
264 2021 382 2076 vicinum
402 2039 431 2076 se
450 2023 581 2091 praebeat
600 2022 733 2076 Aemilius
752 2025 836 2092 ponsl

84 2098 143 2152 Aut
162 2097 234 2152 side
253 2098 349 2153 multis
368 2099 458 2152 nullus
477 2099 568 2169 placet
587 2099 685 2166 exitus,
704 2099 773 2153 illud

82 2173 109 2228 N
111 2192 181 2231 onne
200 2178 282 2244 putas
300 2175 397 2230 melius
416 2176 490 2245 quod
509 2180 600 2230 tecum
619 2175 698 2245 pusio
717 2175 826 2242 dormit,

83 2249 165 2305 Pusio
184 2253 231 2321 qui
251 2255 333 2306 noctu
351 2269 405 2306 non
423 2253 523 2321 litigat,
542 2252 628 2320 exigit
645 2269 662 2306 a
679 2254 710 2309 te
907 2267 933 2306 ³5

83 2327 166 2380 Nulla
181 2327 277 2396 jacens
295 2329 350 2382 illic
368 2330 534 2396 munuscula,
554 2345 604 2383 nec
624 2329 749 2398 queritur
766 2329 841 2398 quod

82 2403 119 2457 m
137 2403 218 2458 lateri
236 2421 333 2472 parcas
351 2422 402 2459 nec
422 2408 554 2474 quantum
570 2405 653 2473 jussit
671 2405 797 2460 anhelesl

84 2477 139 2533 Sed
157 2480 246 2548 placet
265 2480 376 2534 Ursidio
395 2481 440 2534 lex
453 2482 541 2535 Julia:
557 2481 654 2536 tollere
674 2480 783 2535 dulcem

83 2555 193 2624 Cogitat
211 2555 348 2622 heredem,
367 2558 502 2612 cariturus
520 2561 627 2612 turture
645 2573 744 2625 magno

83 2631 284 2700 Mullorumque
299 2631 376 2700 jubis
395 2639 424 2686 et
443 2638 584 2703 captatore
603 2633 724 2688 macello
907 2647 932 2687 co

84 2707 157 2774 Quid
177 2707 236 2762 fieri
257 2725 312 2761 non
330 2725 410 2777 posse
426 2714 508 2777 putes
527 2710 549 2762 si
563 2708 690 2776 jungitur
709 2706 765 2760 ulla

83 2783 212 2838 Ursidiol
234 2784 256 2837 si
275 2783 449 2838 moechorum
468 2785 623 2838 notissimus
642 2784 706 2838 olim

85 2860 176 2914 Stulta
194 2859 312 2912 maritali
327 2859 387 2927 jam
406 2861 521 2928 porrigit
540 2877 588 2913 ora
607 2860 732 2930 capistro,

84 2936 171 3002 Quem
191 2934 275 2990 toties
293 2935 364 2988 texit
383 2936 499 3006 perituri
518 2937 586 2990 cista
605 2936 713 2990 latinii

85 3011 165 3078 Quid,
184 3010 258 3080 quod
277 3015 307 3065 et
325 3012 445 3079 antiquis
464 3030 533 3066 uxor
552 3012 588 3066 de
607 3012 728 3065 moribus
746 3011 786 3066 illi
909 3026 937 3062 es

85 3086 238 3151 Quaeritm.
276 3087 300 3141 0
320 3088 428 3158 medici,
446 3088 571 3144 mediam
588 3087 760 3158 pertundite
774 3087 902 3138 aenam*-

78 3162 198 3216 Delr'eias
214 3164 347 3222 hominis!
388 3166 547 3240 Tarpeium
561 3166 658 3221 limen
676 3161 774 3215 adora
878 3235 880 3238 Ι

68 3232 179 3289 Pronus
198 3243 228 3292 et
248 3246 381 3300 auratam
404 3246 521 3304 Junoni
542 3242 641 3301 caede
659 3239 840 3309 Quaenam,
