2040 3510
410 168 544 218 SATIRA
560 168 624 217 VII.
911 168 940 221 47

91 260 166 313 Ante
182 256 273 326 pedes.
309 257 378 310 ldeo
395 255 529 310 conducta
547 256 657 309 Paullus
675 255 781 325 agebat,

90 333 270 401 sardonyche,
289 337 372 401 atque
390 332 452 385 ideo
470 332 555 400 pluris
572 349 654 401 quam
673 333 772 386 Cossus
790 330 898 399 agebat,

91 410 178 474 Quam
197 409 309 463 Basilus.
347 409 421 462 Rara
438 410 465 460 in
483 409 559 461 tenui
576 408 704 462 facundia
720 424 818 475 panno.
906 421 941 460 145

91 486 205 550 Quando
221 485 286 539 licet
304 484 395 539 Basilo
412 484 524 538 flentem
541 484 693 553 producere
711 484 844 536 matreml

90 561 157 625 Quis
174 561 244 615 bene
262 562 398 614 dicentem
417 560 539 614 Basilum
555 561 644 614 feratl
680 560 807 628 Accipiat
824 563 854 613 te

90 637 177 692 Gallia
194 638 237 692 rel
254 639 345 705 potius
363 637 498 690 nutricula
514 637 711 690 causidicorum
848 694 853 704 ⁴

89 714 191 780 Africa,
211 715 232 768 si
251 713 351 781 placuit
369 713 522 767 mercedem
540 713 679 782 imponere
698 713 814 781 liuguae.

124 790 284 844 Declamare
302 790 399 844 docesl
435 789 458 842 0
477 791 566 843 ferrea
583 795 693 857 pectora
710 789 798 858 Vetti,
902 804 942 842 150

90 866 179 931 Quum
197 867 307 935 perimit
323 883 419 919 saevos
436 867 530 920 classis
546 882 690 919 numerosa
707 868 850 934 tyrannos!

89 942 160 995 Nam
173 959 348 1011 3333333333
361 942 459 996 sedens
470 942 552 996 modo
563 942 668 1009 legerat
680 943 746 996 baec
756 942 853 996 eadem
862 947 939 996 stans

90 1017 213 1073 Perieret
231 1023 314 1087 atque
332 1019 429 1072 eadem
447 1019 569 1073 cantabit
584 1019 708 1073 versibus
724 1019 820 1074 isdem.

89 1094 196 1149 Occidit
214 1096 326 1149 miseros
342 1095 453 1150 crambe
470 1097 589 1164 repetita
605 1095 757 1162 magistros.

90 1172 156 1236 Quis
167 1174 240 1227 color
252 1177 281 1226 et
293 1173 366 1242 quod
384 1173 420 1227 sit
431 1189 527 1226 causae
538 1189 624 1240 genus
635 1176 719 1240 atque
731 1171 778 1224 ubi
788 1187 893 1224 summa
905 1186 939 1224 iae

90 1249 225 1317 Quaestio,
237 1267 306 1317 quae
322 1250 434 1303 veniant
451 1249 558 1303 diversa
576 1254 655 1319 parte
672 1250 796 1318 sagittae,

88 1324 176 1379 Nosse
193 1327 277 1379 velint
295 1343 396 1389 omnes,
414 1326 569 1380 mercedem
586 1327 691 1380 solvere
708 1342 794 1381 nemo,

89 1397 265 1456 “Mercedem
277 1403 414 1472 appellael
427 1403 494 1470 quid
504 1402 578 1456 enim
591 1403 645 1456 scio
653 1402 682 1456 l'’
701 1402 715 1429 “
721 1402 808 1471 Culpa
816 1401 939 1455 docentis

89 1476 197 1530 Scilicet
215 1479 340 1544 arguitur
357 1478 430 1546 quod
448 1478 525 1531 laeva
542 1479 569 1531 in
586 1482 666 1546 parte
685 1478 821 1531 mamillae

89 1552 135 1605 Nil
154 1553 215 1606 salit
234 1553 353 1605 Arcadio
366 1552 468 1620 juveni,
487 1553 563 1622 cujus
580 1554 648 1606 mihi
666 1557 746 1608 sexta
903 1568 939 1605 mo

90 1628 204 1696 Quaque
222 1628 267 1680 die
284 1629 412 1681 miserum
431 1629 505 1681 dirus
525 1633 607 1698 caput
626 1629 764 1682 Hannibal
782 1628 895 1697 implet;

90 1703 229 1772 Quidquid
247 1703 336 1757 idest
354 1704 389 1758 de
407 1722 461 1773 quo
480 1704 621 1768 deliberat,
640 1723 674 1758 an
692 1709 771 1774 petat
787 1704 892 1758 Urbem

90 1781 115 1834 A
136 1780 243 1848 Cannis,
262 1797 296 1833 33
313 1785 378 1849 post
394 1780 501 1833 nimbos
519 1784 547 1834 et
565 1782 678 1834 fulmina
695 1787 791 1835 cautus

89 1857 263 1925 Oircumagat
279 1855 403 1910 madidas
420 1873 437 1909 a
454 1859 619 1923 tempestate
637 1857 768 1911 cohortes.

89 1932 227 1998 Quantum
245 1935 286 1987 vis
303 1933 433 2001 stipulare
451 1938 480 1987 33
497 1933 620 2001 protinus
639 1934 729 2000 accipe
747 1933 822 2002 quod
840 1934 876 1988 do
902 1950 937 1987 1o5

88 2010 129 2064 Ut
146 2010 228 2064 toties
243 2010 319 2063 illum
336 2014 416 2078 pater
434 2010 551 2064 audiat.''
589 2010 666 2063 Haec
684 2009 730 2062 alii
747 2027 796 2063 sex

88 2086 140 2140 Vel
157 2086 249 2154 plures
266 2103 320 2139 uno
338 2085 505 2139 conclamant
523 2103 571 2140 ore
588 2085 739 2154 Sophistae,

88 2165 124 2217 113
142 2181 221 2217 voras
240 2164 344 2230 agitant
362 2162 425 2216 11333
442 2166 553 2231 raptore
571 2163 681 2227 relicto;

88 2241 161 2293 Fusa
178 2256 282 2294 venena
299 2239 386 2305 silent,
405 2239 492 2292 malus
509 2239 688 2307 ingratusque
706 2239 829 2305 maritua

88 2317 125 2370 Et
143 2332 213 2385 quae
230 2316 288 2383 jam
306 2319 412 2368 veteres
430 2320 527 2369 sanant
544 2316 675 2369 mortaria
692 2332 795 2370 caecos.
904 2336 937 2372 uo

87 2393 161 2460 Ergo
178 2392 230 2445 sibi
248 2391 326 2445 dabit
342 2392 401 2460 ipse
419 2391 516 2444 rudem
533 2391 556 2445 si
574 2395 667 2445 nostra
683 2393 831 2448 movebunt

88 2469 211 2534 Consilia,
231 2472 260 2521 et
277 2467 349 2520 vitae
368 2466 509 2520 diversum
524 2468 579 2521 iter
595 2467 775 2535 ingredietur,

87 2546 135 2599 Ad
152 2560 272 2615 pugnam
289 2544 337 2612 qui
354 2543 491 2597 rhetorica
509 2542 651 2598 descendit
669 2542 704 2597 ab
721 2543 825 2612 umbra,

87 2622 225 2676 Summnla
242 2636 277 2673 ne
294 2622 390 2688 pereat
407 2636 462 2688 qua
478 2619 538 2673 vilis
555 2623 661 2674 tessera
677 2621 752 2674 venit

87 2697 242 2752 Frumenti:
267 2696 370 2765 quippe
386 2695 454 2749 haec
469 2711 573 2750 merces
590 2696 746 2750 lautissima.
783 2696 871 2752 Teuta
901 2713 936 2753 175

87 2774 275 2842 Chrysogonus
294 2773 389 2841 quanti
406 2772 504 2827 doceat
521 2773 564 2827 vel
582 2773 669 2827 Pollio
688 2774 783 2843 quanti

86 2850 232 2904 Lautorum
251 2865 357 2918 poema,
377 2854 465 2904 artem
482 2849 608 2904 scindens
627 2850 769 2905 Theodori.

87 2927 189 2980 Balnea
205 2925 341 2979 sexcentis
360 2931 389 2980 et
406 2926 491 2996 pluris
509 2927 629 2995 porticus
647 2926 675 2978 in
694 2943 748 2995 qua

87 3002 216 3056 Gestatur
232 3001 357 3056 domiuus
375 3004 482 3071 quotics
499 3003 575 3070 pluit.
613 3004 694 3055 Anne
712 3019 838 3059 serenum

85 3078 236 3147 Exspectet
253 3082 419 3149 spargatque
435 3079 497 3134 luto
513 3080 645 3149 iumenta
657 3078 788 3130 recentm
916 3085 962 3116 xa

80 3154 137 3208 ΗῘΟ
151 3154 252 3225 lmine,
271 3174 396 3230 namque
412 3158 463 3214 hic
477 3157 609 3214 mundae
622 3154 706 3207 alnas
719 3145 840 3226 uuenga
845 3140 966 3192 mbae.

70 3228 159 3285 Parte
176 3230 234 3287 3113
251 3232 349 3306 longis
369 3237 577 3295 Numidarum
592 3230 677 3287 anna
693 3223 845 3279 mmm
