2040 3510
70 163 117 210 106
336 160 370 210 A.
388 158 511 208 PERSII
529 158 659 207 FLACCI

71 249 206 303 Claudere
222 249 261 302 sio
278 265 386 303 versum
404 247 501 302 didicit
521 248 699 314 Berecyntius
719 251 803 316 Attis,

71 325 107 380 Et
125 325 172 393 qui
189 324 344 379 caeruleum
361 323 509 377 dirimebat
527 323 618 377 Nerea
635 323 767 393 delphin;

72 400 116 455 sic
133 404 235 454 costam
252 400 332 467 longo
351 399 531 452 subduximus
550 400 702 468 Apennino.
897 415 921 453 as

71 477 167 530 Arma
185 477 293 543 cirum,
311 492 400 529 nonne
417 474 469 529 hoc
487 492 644 543 spumosum
663 479 692 528 et
704 476 806 530 cortice
819 477 923 544 pingui,

71 553 112 607 Ut
128 554 230 607 ramale
249 557 327 607 vetus
345 551 508 622 praegrandi
527 551 626 605 subere
644 553 789 606 coctuml”

73 628 209 692 Quidnam
226 629 311 696 igitur
328 633 453 683 tenerum
472 633 500 682 et
517 627 580 681 laxa
598 628 702 682 cervice
719 628 882 696 legenduml

77 706 168 759 Torva
187 705 384 759 Mimalloneis
403 705 563 772 implerunt
582 721 690 758 cornua
711 705 819 772 bmabir,

73 783 110 835 Et
131 789 249 849 raptum
270 783 359 835 vitulo
380 789 465 848 caput
484 782 617 836 ahlotwc
636 783 752 848 ruperto
889 795 925 834 100

72 858 213 925 Bassaris,
232 865 257 911 et
279 858 388 925 lyncem
407 858 529 912 Moenus
542 858 662 924 flexura
681 857 826 924 corymbis,

72 934 170 988 Eaioa
188 935 366 1000 ingeminat:
392 935 565 1002 reparabilis
584 940 694 988 mancat
714 934 795 986 Eeho.

73 1011 150 1065 Haec
168 1011 266 1065 fierent
283 1012 307 1064 si
325 1011 446 1066 testiculi
464 1028 534 1065 vena
551 1011 607 1064 ulla
624 1011 732 1078 paterni

72 1087 184 1141 Viveret
202 1087 230 1140 in
248 1087 346 1143 nobisl
371 1105 477 1141 summa
495 1086 624 1141 delumbe
642 1087 725 1140 saliva

74 1163 134 1218 Hoc
146 1168 240 1219 natat:
257 1165 286 1218 in
298 1164 382 1218 labris
394 1169 422 1218 et
434 1166 462 1217 in
475 1165 530 1217 udo
543 1170 586 1217 est
599 1165 712 1216 Maenas
724 1166 754 1217 et
767 1163 844 1216 Attis
855 1183 862 1226 ;
886 1177 923 1218 105

73 1239 98 1292 N
101 1256 132 1293 ec
148 1239 273 1308 pluteum
291 1241 383 1294 caedit
400 1257 451 1294 nec
471 1239 611 1292 demorsos
629 1239 701 1306 sapit
717 1255 829 1304 ungues.

108 1315 186 1371 “Sed
203 1316 270 1384 quid
287 1334 355 1385 opus
373 1321 483 1371 teneras
500 1315 621 1369 mordaci
639 1315 737 1368 radere
753 1330 817 1368 vero

74 1392 237 1449 Auriculasl
261 1392 324 1446 vide
342 1393 378 1446 sis
396 1409 431 1446 ne
448 1392 583 1460 majorum
602 1390 653 1445 tibi
670 1391 743 1444 forte

74 1469 179 1522 Limina
196 1468 359 1536 frigescant:
384 1475 462 1525 sonat
480 1469 523 1523 hic
541 1469 577 1522 de
594 1485 660 1522 nare
672 1468 766 1521 canina

73 1545 774 1615 Littera''-Permeoquidemsintomniaprotinus
782 1544 859 1610 alba3
891 1557 928 1598 110

73 1620 120 1674 Nil
131 1636 228 1676 moror.
265 1622 342 1690 Euge
354 1627 460 1676 omnes!
481 1639 574 1676 omnes
586 1622 656 1675 bene
669 1621 755 1674 mirae
767 1621 842 1673 eritis
854 1637 906 1675 res.

74 1698 135 1751 Hoc
146 1696 246 1765 juvati
271 1699 357 1765 ‘Hic‚’
368 1699 465 1768 inquis,
479 1700 555 1753 ‘veto
568 1700 712 1767 quisquam
724 1697 794 1750 faxit
806 1695 924 1751 oletum'

74 1774 159 1842 Pinge
178 1773 246 1827 duos
264 1792 377 1842 angues:
402 1776 488 1844 pueri,
506 1791 582 1835 sacer
600 1778 643 1828 est
660 1774 744 1839 locus,
762 1776 842 1826 extra

74 1849 185 1915 Melite;
211 1851 460 1905 discedo-Secuit
473 1852 592 1905 Lucilius
610 1852 714 1919 urbem,

74 1926 112 1986 Te
133 1927 215 1996 Lupe,
232 1931 261 1980 to
280 1928 361 1995 Muci,
380 1932 409 1982 et
427 1929 575 1995 genuinum
592 1927 676 1994 fregit
693 1928 720 1980 in
738 1927 805 1981 illis:
892 1939 928 1980 115

74 2002 162 2056 Omne
180 2003 255 2056 vafer
272 2004 368 2057 vitium
386 2003 487 2057 ridenti
506 2004 619 2057 Flaccus
637 2004 723 2056 amico

74 2079 179 2146 Tangit,
197 2082 226 2132 et
244 2079 377 2133 admissus
396 2080 497 2133 circum
517 2079 678 2149 praecordia
695 2079 773 2144 ludit,

76 2154 196 2208 Callidus
214 2172 328 2209 excusso
345 2157 477 2226 populum
489 2155 658 2224 suspendere
675 2172 755 2209 naso:

74 2229 146 2284 Men’
159 2232 259 2284 mutire
271 2232 363 2286 nelasl
381 2249 431 2286 nec
443 2232 513 2285 clam
525 2249 576 2286 neo
589 2248 651 2285 cum
666 2231 769 2296 scrobe,
782 2247 925 2300 nusquam.

75 2305 129 2359 Hic
146 2308 239 2360 tamen
257 2307 395 2361 infodiam.
431 2307 505 2375 Vidi,
523 2308 579 2362 vidi
596 2309 662 2377 ipse,
680 2307 779 2374 libelle,
892 2323 926 2362 12⁰

75 2382 219 2437 Auriculas
237 2384 319 2438 asini:
338 2385 399 2453 quis
417 2401 471 2437 non
489 2383 590 2439 habeti
626 2385 687 2438 Hoc
705 2400 756 2452 ego
773 2388 908 2453 opertum,

76 2457 136 2512 Hoc
153 2458 244 2513 ridere
262 2476 359 2527 meum,
378 2465 436 2515 tam
454 2461 499 2530 nil,
517 2462 592 2516 nulla
609 2460 661 2516 tibi
678 2460 766 2515 vendo

75 2534 169 2590 Iliade.
206 2535 314 2590 Audaci
332 2537 487 2606 quicunque
505 2539 595 2592 afflato
615 2538 726 2592 Cratino

75 2610 181 2665 Iratum
195 2612 357 2682 Eupolidem
375 2614 540 2682 praegrandi
558 2631 620 2668 cum
638 2631 703 2668 sene
720 2613 815 2684 palles,

75 2688 178 2756 Aspice
196 2691 225 2742 et
243 2688 310 2742 haec
329 2689 351 2742 si
369 2690 441 2743 forte
460 2690 563 2759 aliquid
581 2690 719 2744 decoctius
738 2688 823 2742 audis.
892 2701 928 2742 125

75 2763 146 2817 Inde
164 2768 296 2833 vaporata
316 2765 403 2819 lector
422 2765 490 2818 mihi
512 2767 616 2821 ferveat
636 2783 710 2834 aure,

75 2840 101 2893 N
103 2857 137 2893 on
157 2840 201 2894 hic
219 2842 266 2909 qui
285 2843 314 2894 in
332 2841 457 2911 crepidas
478 2842 622 2897 Graiorum
641 2843 735 2897 ludere
753 2840 846 2910 gestit,

75 2915 214 2983 Sordidus,
235 2921 264 2971 et
282 2917 358 2972 lusco
378 2917 425 2987 qui
444 2919 530 2988 possit
549 2919 663 2988 discere,
682 2919 785 2985 Lusce;

75 2992 140 3047 Sese
160 2993 276 3062 aliquem
296 2994 410 3048 credens
432 2995 503 3049 Italo
523 2995 597 3064 quod
617 2996 718 3050 honore
737 2995 850 3064 supinus

67 3068 202 3131 Fregerat
218 3069 344 3124 heminas
364 3071 459 3125 Arreti
480 3072 576 3125 aedilis
595 3072 716 3139 iniquas3
891 3084 927 3123 rao

46 3135 115 3218 Asea
131 3142 187 3220 qui
202 3144 294 3198 abaco
313 3164 447 3203 numeros
468 3152 499 3204 et
518 3151 595 3204 secto
614 3148 645 3202 in
662 3148 776 3218 puluere
792 3149 883 3201 metas

26 3201 96 3256 Set
112 3213 218 3269 rasisse
237 3220 327 3292 vafer,
347 3225 479 3282 multum
500 3226 629 3298 gaudere
647 3227 768 3296 paratus

11 3336 22 3451 l
