2040 3510
64 191 96 259 22
299 188 331 238 D.
349 188 424 238 JUN
426 189 456 237 11
473 189 491 238 J
495 186 679 237 UVENALIS

64 281 201 347 Dicturus,
219 283 349 350 tanquam
367 277 483 332 diversis
499 275 624 346 partibus
642 276 713 329 orbis

65 357 156 410 Anxia
173 357 316 426 praecipiti
333 355 453 409 venisset
469 353 586 424 epistola
601 369 698 422 penna.

63 434 158 501 Atque
176 433 280 487 utinam
298 432 340 485 his
357 432 447 501 potius
465 431 544 498 nugis
561 434 621 484 tota
637 429 684 483 ilia
701 429 824 484 dedisset
874 445 911 482 150

63 510 196 577 Tempora
214 508 351 573 saevitiae,
369 507 455 560 claras
473 507 571 574 quibus
588 506 703 560 abstulit
720 505 789 560 Urbi

63 584 243 651 illustresque
260 584 363 637 animas
380 584 492 652 impune
508 586 538 636 et
554 582 661 637 vindice
678 582 757 636 nullo.

62 659 116 713 Sed
134 660 219 729 periit
235 663 382 728 postquam
398 658 562 712 cerdonibus
580 675 640 713 esse
656 659 793 713 timendus

62 735 213 804 Coeperat:
231 734 283 790 hoe
300 735 392 788 nocuit
410 734 565 788 Lamiarum
583 734 666 788 caede
683 734 814 788 madenti.

392 1067 534 1121 SATIRA
554 1066 587 1120 V.

61 1192 91 1246 Sl
107 1195 136 1246 te
154 1191 286 1262 propositi
304 1190 424 1244 nondum
443 1191 530 1258 pudet
548 1195 632 1259 atque
649 1190 745 1245 eadem
763 1194 807 1245 est
824 1206 908 1256 mens,

61 1268 101 1322 Ut
118 1269 190 1322 bona
207 1284 312 1321 summa
330 1270 411 1336 putes
428 1267 516 1321 aliena
533 1267 623 1320 virere
641 1267 764 1334 quadra;

61 1344 90 1397 Si
107 1348 187 1413 potes
205 1344 251 1396 illa
268 1343 335 1411 pati,
354 1359 424 1410 quae
443 1358 493 1395 nec
511 1342 670 1397 Sarmentus
688 1343 795 1412 iniquas

62 1419 184 1473 Caesaris
201 1419 238 1472 ad
254 1435 367 1485 mensas,
385 1435 435 1472 nec
453 1418 513 1471 vilis
531 1419 619 1473 Galba
637 1419 761 1473 tulisset:

62 1496 190 1561 Quamvis
203 1495 297 1563 jurato
314 1497 435 1548 metuam
452 1493 505 1548 tibi
523 1494 634 1549 credere
652 1496 724 1549 testi.
898 1510 910 1548 5

63 1572 166 1628 Ventre
182 1571 250 1625 nihil
268 1571 330 1624 nori
347 1570 486 1639 frugalius.
523 1571 583 1624 Hoc
601 1575 693 1626 tamen
711 1572 801 1642 ipsum

62 1647 198 1701 Defecisse
216 1652 284 1717 puta
301 1647 376 1716 quod
392 1647 465 1700 inani
482 1647 581 1701 sufficit
598 1647 674 1703 alvo:

63 1724 144 1777 Nulla
162 1723 272 1792 crepido
290 1725 381 1778 vaoati
399 1739 532 1792 nusquam
550 1741 618 1793 pons
636 1729 665 1778 et
682 1725 783 1793 tegetis
799 1741 863 1794 pars

64 1799 181 1852 Dimidia
197 1800 320 1854 breviori
337 1801 444 1854 tantine
461 1799 562 1868 injuria
579 1802 694 1855 coenaei

61 1877 126 1931 Tam
139 1875 237 1944 jejuna
254 1876 347 1942 fames,
366 1877 454 1946 possis
472 1892 533 1929 eum
551 1876 690 1930 honestius
706 1876 761 1930 illic
886 1892 910 1930 ro

64 1954 98 2006 m
115 1958 233 2007 tremere
251 1956 280 2007 et
298 1953 392 2007 sordes
410 1953 490 2007 farris
508 1953 633 2006 mordere
652 1953 760 2007 caninii

65 2030 153 2082 Primo
172 2030 225 2096 fige
242 2030 309 2096 loco,
326 2030 399 2099 quod
417 2033 449 2082 tu
467 2029 637 2082 discumbere
651 2028 745 2096 jussus

63 2104 218 2158 Mercedem
237 2105 351 2159 solidam
369 2109 492 2160 veterum
511 2104 585 2173 capis
603 2103 758 2157 officiorum.

64 2181 178 2233 Fructus
197 2181 331 2235 amicitiae
348 2198 464 2248 magnae
481 2180 574 2234 cibus:
593 2179 713 2248 imputat
729 2178 801 2232 bunc
818 2195 874 2244 rex,

63 2257 98 2309 m
121 2257 243 2324 quamvis
267 2273 358 2309 rarum
382 2260 474 2310 tamen
498 2256 624 2325 imputat
665 2254 737 2322 Ergo
755 2253 824 2308 duos
846 2258 909 2324 post

62 2333 89 2386 Si
106 2331 185 2385 libuit
203 2349 309 2386 menses
327 2333 480 2400 neglectum
499 2331 629 2384 adhibere
646 2331 781 2398 clientem,
885 2346 909 2384 16

61 2409 153 2464 Tertia
169 2425 204 2463 ns
222 2425 305 2462 vacuo
324 2408 442 2461 cessaret
460 2407 558 2461 culcita
574 2407 654 2474 lecto,

63 2486 146 2539 “Una
164 2485 272 2550 simus,”
290 2486 338 2538 ait.
373 2483 508 2537 Votorum
526 2499 644 2536 summa:
669 2483 735 2551 quid
752 2483 825 2537 ultra

62 2562 195 2629 Quaerisi
229 2561 325 2614 Habet
342 2559 453 2612 Trebius
472 2559 676 2628 propterquod
694 2576 822 2627 rumpere
841 2576 909 2613 som-

130 2654 196 2691 num

62 2715 170 2769 Debeat
187 2717 216 2768 et
233 2713 330 2781 ligulas
348 2711 495 2779 dimittere,
514 2711 645 2766 sollicitus
662 2729 696 2767 ne
885 2727 910 2766 aa

62 2790 131 2844 'Pota
149 2789 294 2842 salutatrix
306 2787 366 2856 jam
383 2788 465 2841 turba
482 2788 622 2856 peregerit
639 2788 741 2856 orbem,

62 2865 202 2921 Sideribus
220 2864 318 2930 dubiis
337 2868 386 2918 aut
402 2864 448 2917 illo
465 2867 590 2932 tempore
607 2881 661 2932 quo
679 2881 708 2918 se

62 2940 173 3009 Frigida
190 2941 377 3008 circumagunt
395 2938 466 3008 pigri
484 2955 591 2993 sarraca
609 2941 722 2994 Eootae.

63 3017 156 3082 Qualis
173 3031 256 3070 coena
273 3017 382 3070 tament
418 3015 520 3068 Vinum
539 3014 613 3082 quod
631 3015 726 3069 sucida
743 3015 812 3069 nolit

63 3095 138 3147 Lana
155 3092 230 3160 pati:
254 3092 289 3146 de
307 3093 418 3146 conviva
436 3091 590 3160 Corybanta
608 3090 718 3145 videbis.
885 3107 910 3145 as

62 3169 159 3234 Jurgia
176 3167 339 3236 proludunt:
363 3168 413 3221 sed
430 3183 493 3220 mox
510 3171 540 3220 et
557 3166 655 3236 pocula
672 3169 785 3235 torques

51 3243 173 3294 saueius
188 3247 220 3294 et
234 3243 322 3298 rubra
340 3243 469 3309 deterges
485 3242 598 3296 uilnera
615 3257 721 3310 mappa
