2040 3510
79 152 109 202 4'8
318 153 349 201 D.
368 152 475 201 JUNII
494 153 513 200 J
516 151 702 203 UVENALIS

78 239 178 308 Surget
196 243 225 294 00
243 238 382 306 algentem
401 240 490 307 rapiat
507 241 630 295 coenatio
649 241 741 296 solem.

79 316 286 385 Quanticunque
303 315 400 368 domus
417 315 509 368 veniet
527 318 573 384 qui
590 318 694 371 fercula
713 319 793 374 docte

79 391 237 461 Compouat,
257 393 349 446 veniet
368 394 416 459 qui
433 393 615 462 pulmentaria
635 394 742 448 condat.
898 410 935 449 185

77 467 138 521 Hos
157 469 229 522 intcr
248 473 354 522 sumtus
372 470 499 523 sestertia
520 468 686 532 Quintiliano

76 544 118 600 Ut
136 546 254 598 multum
273 546 327 598 duo
346 546 493 601 sufficient:
517 563 562 599 res
579 546 654 599 nulla
672 547 784 601 minoris

77 621 225 686 Constabit
244 622 316 690 patri
335 639 418 691 quam
437 622 515 677 filius.
550 622 633 676 Unde
651 623 736 691 igItur
753 627 797 677 tot

78 697 260 761 Quintilianus
277 697 361 752 habet
379 698 480 752 saltusl
516 699 650 768 Exempla
669 715 799 753 novorum

78 773 209 827 Fatorum
229 775 321 828 transi
359 775 437 829 Felix
456 779 485 829 et
502 775 596 844 pulcer
614 778 644 829 et
662 792 725 830 acer
735 796 742 842 ;
896 788 930 828 100

78 850 156 906 Felix
177 854 206 904 ct
226 851 332 920 sapiens
352 853 382 905 et
400 852 499 905 nobilis
519 857 548 906 et
566 868 722 921 generosus,

78 928 245 996 Appositum
265 928 360 995 nigrae
379 928 470 981 lunam
490 928 613 983 subtexit
633 929 739 995 alutae;

79 1003 157 1056 Felix
178 1008 270 1057 orator
286 1020 394 1072 quoque
413 1005 548 1058 maximus
567 1009 596 1058 et
612 1004 763 1072 jaculator3

78 1080 115 1133 Et
134 1081 156 1134 01
176 1081 310 1149 perfrixit,
331 1084 423 1133 cantat
441 1080 518 1135 bene.
555 1081 649 1134 Distat
669 1080 740 1133 enim
760 1097 831 1148 quae

79 1156 175 1210 Sidera
195 1161 224 1210 00
243 1156 381 1224 excipiant
400 1156 481 1209 modo
500 1156 601 1224 primos
621 1156 798 1223 incipientem
898 1171 934 1208 195

79 1232 169 1286 Edere
189 1233 297 1300 vagitus
317 1234 346 1285 00
365 1231 454 1285 adhuc
474 1249 490 1284 a
508 1236 598 1284 matre
618 1230 771 1285 rubentem.

79 1308 107 1362 Si
127 1309 250 1362 Fortuna
269 1308 342 1362 volet
362 1309 411 1362 lies
432 1308 468 1361 de
486 1307 597 1361 rhetore
621 1306 738 1373 Consul3
759 1327 760 1330 ¹

79 1384 107 1438 Si
124 1385 197 1438 volet
216 1384 283 1438 haec
303 1385 400 1438 eadem
421 1385 470 1438 fies
492 1384 527 1437 de
548 1383 664 1436 Consule
683 1382 783 1436 rhetor.

78 1461 224 1515 Ventidius
243 1460 312 1528 quid
331 1461 420 1514 enimi
440 1460 508 1528 quid
526 1459 649 1513 'lhlliusl
668 1475 739 1513 anne
757 1458 833 1513 aliud
850 1475 932 1526 quam

79 1537 160 1591 Sidus
179 1541 208 1591 et
227 1538 327 1591 occulti
345 1538 471 1591 miranda
490 1537 614 1605 potentia
632 1537 699 1590 fatil
897 1551 933 1589 200

79 1614 169 1668 Servis
187 1629 272 1680 regua
291 1613 403 1680 dabunt,
423 1613 538 1682 captivis
557 1612 616 1665 fata
634 1613 795 1681 triumphos.

78 1690 158 1743 Felix
177 1689 223 1743 ille
242 1693 335 1743 tamen
353 1707 434 1744 corvo
453 1706 561 1758 quoque
579 1689 667 1744 rarior
686 1688 754 1742 albo.

80 1766 218 1819 Poenituit
236 1766 337 1819 multos
356 1783 442 1820 vanae
461 1766 616 1835 sterilisque
636 1765 791 1831 cathedrae,

80 1842 156 1896 Sicut
175 1842 368 1910 Thrasymachi
385 1842 483 1912 probat
503 1843 592 1896 exitus
611 1845 695 1911 atque
716 1839 834 1894 Secundi

80 1918 227 1972 carinatis:
253 1923 283 1973 00
300 1918 372 1972 hunc
393 1919 501 1987 inopem
520 1919 635 1984 vidistis,
655 1917 790 1983 Athenae,
896 1931 931 1969 005

79 1995 126 2047 Nil
146 1998 257 2063 praeter
275 1995 380 2063 gelidas
399 2011 480 2048 ausae
500 1995 622 2048 conferre
642 1995 750 2048 cicutas.

57 2092 59 2096 ·
80 2072 115 2124 Di
133 2071 266 2139 majorum
285 2071 388 2124 umbris
407 2075 517 2124 tenuem
536 2074 565 2123 et
585 2071 642 2123 sine
662 2069 783 2139 pondere
802 2072 904 2123 terram
956 2128 959 2137 ¹

80 2148 274 2217 spirantesque
293 2163 384 2201 crocos
404 2147 479 2201 etin
498 2163 566 2199 urna
584 2152 748 2215 perpetuum
767 2161 819 2211 ver,

80 2224 132 2287 Qui
150 2228 356 2293 praeceptorem
375 2223 462 2277 sancti
481 2223 591 2276 voluere
609 2222 730 2290 parentis

79 2300 147 2353 Esse
167 2300 232 2353 loco.
270 2299 396 2352 Metuens
415 2299 508 2368 virgae
523 2298 583 2367 jem
602 2298 715 2367 grandis
735 2298 857 2352 Achilles
895 2313 931 2350 210

80 2375 216 2430 Cantabat
234 2376 329 2444 patriis
348 2376 376 2428 in
395 2376 548 2440 montibus}
571 2380 600 2429 00
618 2375 661 2428 cui
680 2391 734 2427 non
752 2377 819 2427 tunc

80 2452 199 2506 Eliceret
217 2453 303 2505 risum
322 2450 472 2504 citharoedi
491 2451 578 2505 cauda
596 2451 738 2518 magistril

80 2528 135 2582 Sed
154 2528 256 2581 Rufum
276 2531 359 2594 atque
378 2528 445 2581 ulios
467 2528 557 2582 caedit
576 2543 624 2580 sua
640 2543 777 2595 quemque
790 2526 930 2595 juventus,

80 2603 182 2658 Rufum
200 2604 246 2672 qui
265 2604 346 2658 toties
366 2605 521 2659 Ciceronem
541 2604 690 2672 Allobroga
708 2604 786 2657 dixit.

114 2680 179 2745 Quis
192 2680 294 2748 gremio
307 2680 437 2734 Enceladi
449 2681 578 2748 doctique
592 2680 760 2733 Palaemonis
771 2678 851 2732 affert
894 2693 930 2731 215

80 2756 218 2821 Quantum
230 2758 421 2823 grammaticus
433 2758 533 2812 meruit
544 2756 636 2810 labori
655 2759 786 2809 ettamen
799 2771 833 2807 ex
844 2753 895 2807 hoc

80 2833 266 2902 Quodcunque
283 2837 326 2887 est
338 2834 437 2902 (minus
449 2837 594 2888 astantem
608 2849 689 2900 quam
700 2831 818 2884 rhetoris
830 2830 905 2896 aera)

79 2910 213 2979 Discipuli
231 2913 322 2964 custos
340 2911 515 2980 praemordet
533 2911 725 2964 Acoeuonetus

80 2986 117 3039 Ft
136 2987 197 3054 qui
203 2987 344 3056 dispensat
365 2988 467 3055 frangit
485 2987 544 3041 sibi.
581 2985 664 3051 Cede,
684 2983 836 3048 Palaemon,

76 3062 117 3113 Et
122 3066 224 3128 patere
234 3063 299 3116 inde
311 3063 413 3132 aliquid
426 3063 590 3130 decrescere,
602 3078 656 3115 non
668 3059 748 3113 aliter
760 3074 842 3127 quarn
893 3073 931 3112 roo

57 3132 184 3184 Justrtor
198 3137 335 3191 hibernae
356 3140 461 3208 tegetis
479 3139 611 3210 niveique
629 3135 758 3200 cadurci,
796 3173 798 3176 -

34 3196 208 3261 Dummodo
225 3225 286 3266 noa
300 3219 410 3284 pereat
430 3216 545 3273 mediae
564 3214 645 3287 quod
659 3211 754 3268 notus
771 3208 809 3264 ah
822 3208 899 3263 hora
