2040 3510
398 173 531 222 SATIRA
546 172 597 222 VI.
892 175 920 223 41

108 263 186 318 Haeo
203 265 296 317 tamen
313 261 420 330 ignorat
438 259 505 328 quid
523 260 597 313 sidus
614 259 694 315 triste
711 260 830 317 minetur

73 340 191 405 Saturni,
210 355 264 407 quo
281 339 355 391 loeta
372 337 466 391 Venus
483 353 512 390 se
529 336 651 405 proferat
667 340 750 404 estro,
888 351 924 392 tro

75 415 127 479 Qui
145 414 245 468 mensis
262 414 376 479 demnis,
395 428 465 482 quae
483 412 583 465 dentur
602 416 727 482 tempora
743 412 832 468 lucro:

74 491 151 545 Illius
168 507 293 544 occursus
311 490 394 542 etiem
411 489 499 542 vitare
516 493 662 557 memento,

75 568 108 620 In
125 567 203 635 cujus
220 565 354 632 menibus,
373 581 424 619 ceu
441 565 554 633 pinguia
571 565 672 631 sucina,
690 565 773 620 tritas

75 643 170 698 Cernis
188 642 391 710 ephemeridas;
408 658 478 710 quae
494 642 599 694 nullum
618 642 734 696 consulit
752 641 855 709 etjam

75 718 249 783 Consulitur3
266 734 336 786 quae
354 721 444 771 castra
461 717 520 771 viro
537 718 707 786 patriamque
725 722 839 785 petente
892 732 927 773 555

76 795 137 848 Non
153 794 204 848 ibit
222 794 332 863 pariter,
351 795 470 847 numeris
488 797 615 847 revocata
633 794 772 862 Thrasylli.

78 871 125 924 ed
141 870 260 940 primum
279 869 398 938 lapidem
416 870 519 924 vectari
537 887 621 937 quum
640 870 738 938 placet,
757 870 825 923 hora

77 947 200 1002 Sumitur
217 963 251 1000 ex
269 946 353 1011 libr03
378 947 401 1000 si
419 947 510 1014 prurit
526 946 624 1000 frictus
644 947 722 1000 ocelli

78 1023 211 1092 Angelus,
229 1023 353 1092 inspecta
370 1023 464 1090 genesi
482 1023 591 1090 collyria
608 1024 703 1091 poscit.

78 1103 171 1168 Aegra
187 1099 253 1153 licet
265 1098 367 1167 jaceat,
385 1099 518 1167 capiendo
536 1098 610 1152 nulla
627 1098 738 1153 videtur
894 1114 930 1153 555

78 1177 180 1244 Aptior
196 1174 264 1228 hora
281 1175 342 1229 cibo
360 1175 412 1228 nisi
430 1190 512 1242 quam
530 1173 640 1228 dederit
659 1175 797 1230 Petosiris.

77 1252 106 1306 Si
125 1251 270 1305 mediocris
288 1250 349 1318 erit,
368 1251 486 1319 spatium
504 1250 634 1305 lustrabit
651 1252 780 1319 utrinque

78 1329 216 1383 Motorum
235 1333 264 1381 et
281 1331 370 1381 sortes
388 1328 470 1380 ducet
487 1328 661 1395 frontemque
678 1343 844 1396 manumque

79 1403 227 1458 Praebebit
244 1405 301 1458 vati
319 1403 445 1457 crebrum
463 1420 610 1471 poppysma
626 1405 742 1472 roganti.

78 1479 216 1535 Divitibus
234 1497 366 1549 responsa
384 1479 489 1533 dabunt
508 1479 600 1546 Phryx
618 1497 705 1548 augur
722 1484 751 1535 et
772 1480 860 1535 Indus
876 1498 879 1503 ·
894 1493 931 1533 555

79 1556 245 1620 conductus,
264 1555 342 1609 dubit
359 1559 495 1608 astrorum
512 1555 662 1623 mundique
679 1557 786 1624 peritus

80 1636 175 1702 Atque
193 1632 290 1700 aliquis
308 1632 398 1685 senior
415 1632 461 1697 qui
479 1631 588 1699 publiea
604 1631 712 1700 fulgura
729 1633 832 1688 condit:

80 1708 222 1764 Plebeium
239 1708 267 1761 in
286 1707 363 1761 Circo
381 1707 501 1776 positum
518 1711 562 1761 est
579 1707 653 1761 etin
672 1724 772 1777 aggere
789 1710 884 1764 fatum.

80 1784 156 1850 Quae
174 1784 255 1839 nudis
272 1784 382 1851 longum
401 1783 523 1844 ostendit
541 1783 691 1838 cervicibus
709 1801 813 1853 aurum,

80 1860 205 1915 Consulit
223 1864 288 1914 anto
304 1859 399 1928 phalas
417 1858 660 1928 delphinorumque
682 1860 828 1929 columnae,
897 1876 932 1915 555

80 1937 126 1990 An
144 1952 210 2005 saga
227 1935 355 1990 vendenti
373 1934 460 1988 nubat
477 1951 598 2003 caupone
615 1936 717 1989 relicto.

115 2012 178 2067 Hae
195 2018 287 2067 tamen
306 2015 335 2065 et
346 2014 441 2080 partus
460 2011 578 2065 subeunt
596 2012 743 2066 discrimen
760 2016 789 2066 et
807 2028 900 2066 omnes

82 2089 205 2143 Nutricis
222 2088 341 2142 tolerant
358 2087 468 2140 fortuna
484 2091 601 2155 urgente
618 2086 740 2143 labores:

82 2164 138 2219 Sed
151 2163 228 2232 jacet
246 2166 342 2217 aurato
360 2163 406 2216 vix
423 2162 479 2216 ulle
496 2180 634 2233 puerpera
651 2164 729 2218 lecto.

79 2242 198 2296 'sentum
215 2244 290 2294 artos
307 2239 397 2308 hujus,
415 2244 523 2293 tantum
541 2240 720 2295 medicamina
735 2247 855 2310 possunt,
896 2257 933 2296 555

82 2322 157 2387 Quae
176 2320 283 2374 steriles
300 2319 367 2373 facit
384 2322 468 2388 atque
485 2319 607 2373 homines
625 2319 653 2371 in
671 2324 766 2375 ventre
783 2321 919 2376 necandos

81 2397 224 2453 conducit.
262 2395 366 2461 Gaude,
384 2395 486 2462 infelix,
505 2401 589 2463 atque
606 2396 665 2464 ipse
682 2396 830 2451 bibendum

83 2474 203 2542 Porrige,
222 2471 359 2540 quidquid
376 2471 443 2526 erit:
462 2488 525 2525 nam
543 2472 566 2525 si
584 2473 742 2526 distendere
759 2474 842 2530 vellet

82 2550 119 2604 Et
137 2565 236 2603 vexare
254 2553 363 2602 uterum
381 2547 473 2616 pueris
491 2547 658 2615 salientibus,
677 2565 751 2603 esses

82 2626 226 2694 Aethiopis
243 2626 358 2678 fortasse
376 2627 469 2692 pater:
487 2640 551 2677 mox
569 2624 678 2678 decolor
696 2625 776 2680 heres
899 2641 934 2681 ooo

83 2702 216 2770 Impleret
233 2700 348 2766 tabulas,
365 2715 506 2768 nunquam
523 2699 576 2753 tibi
592 2716 672 2754 mene
689 2701 829 2757 videndus.

115 2780 236 2833 Transeo
253 2776 408 2845 suppositos
426 2781 455 2829 et
472 2775 572 2844 gaudia
588 2780 705 2845 votaque
723 2794 804 2845 saepo

83 2855 131 2909 nd
148 2871 259 2924 spurcos
276 2853 394 2921 decepta
411 2852 486 2906 lacus
504 2857 587 2921 atque
605 2853 669 2906 inde
687 2855 787 2922 petitos

84 2931 237 2997 Pontifices,
256 2929 348 2996 Salios,
368 2929 530 2983 Scaurorum
547 2930 656 2984 nomine
675 2930 742 2983 falso

85 3006 205 3075 Corpore
221 3007 330 3060 laturos.
367 3006 430 3060 Stat
448 3005 570 3060 Fortuna
587 3007 711 3076 improba
726 3009 809 3060 noctu
901 3023 937 3059 ors

86 3082 221 3136 Arridons
236 3081 317 3135 nudis
335 3081 493 3136 infantibus.
529 3083 592 3137 Hos
607 3084 690 3136 toret
711 3097 815 3134 omnes

84 3158 257 3228 Involvitque
274 3160 352 3215 sinu:
371 3161 507 3216 domibus
521 3164 595 3216 tuno
610 3155 742 3229 porrigit
756 3152 842 3209 effla
876 3210 883 3222 ,

75 3234 280 3308 Secretumque
297 3236 356 3294 sibi
373 3239 505 3296 mimum
518 3239 619 3311 peret.
654 3233 731 3286 hbe*
744 3214 912 3282 ffibm
926 3214 965 3249 m
