2040 3510
400 188 534 240 SATIRA
550 188 628 240 XIV.
910 196 938 242 91

89 280 266 350 Flagrantem
283 277 340 333 late
357 281 386 333 et
403 279 555 347 rapientem
572 280 671 333 cuncta
687 277 800 335 videbis.
904 294 941 334 ae

89 357 150 412 Nec
167 356 219 410 tibi
236 360 366 424 parcetur
382 355 488 422 misero,
505 355 700 423 trepidumque
717 357 880 424 magistrum

89 433 126 487 In
142 448 225 486 eavea
241 447 339 499 magno
356 431 469 484 fremitu
486 431 529 485 leo
545 431 626 485 tollet
642 431 774 486 alumnus.

88 509 163 563 Nota
180 507 380 562 mathematicis
396 508 505 575 genesis
522 511 584 562 tua:
609 507 659 562 scd
675 525 759 577 grave
775 509 871 564 tardas

88 585 257 655 Exspectare
274 584 355 638 eolus.
392 583 518 638 Morieris
536 586 653 638 stamine
669 585 790 640 nondum

88 660 225 731 Abrupta.
259 660 279 715 J
281 677 325 715 am
342 678 415 716 nunc
432 662 525 716 obstas
543 665 572 715 et
589 666 654 715 vota
670 665 792 730 moraris,
904 678 941 719 aso

88 737 154 793 Jam
170 735 284 807 torquet
296 736 427 806 juvenem
445 738 525 807 longa
543 741 573 792 et
590 739 699 792 cervina
716 743 847 794 senectus.

88 813 171 869 Ocius
184 814 357 883 Archigenen
370 830 471 884 quaere
484 818 568 883 atque
580 831 640 868 emo
652 815 726 883 quod
739 816 916 870 Mithridates

89 890 254 960 Composuit,
272 891 296 945 si
312 892 353 945 vis
370 891 452 944 aliam
470 890 619 960 decerpere
638 891 718 945 ficum

90 970 185 1035 Atque
196 967 262 1022 alias
273 972 394 1023 tractare
405 984 486 1022 rosas.
523 967 695 1023 Medicamen
707 967 863 1021 habendum
875 971 919 1022 est

88 1042 206 1098 Sorbere
223 1047 287 1099 ante
305 1044 396 1099 cibum
414 1044 489 1112 quod
507 1044 608 1098 debeat
625 1047 654 1097 et
670 1048 750 1112 pater
767 1048 797 1098 et
814 1060 870 1098 rex.
905 1059 941 1098 ros

123 1120 247 1174 Monstro
264 1121 434 1190 voluptatem
452 1121 591 1189 egregiam
608 1120 652 1174 cui
669 1120 743 1174 nulla
760 1120 877 1187 theatra,

88 1195 171 1251 Nulla
189 1213 307 1266 aequare
324 1214 408 1267 queas
428 1196 566 1251 Praetoris
582 1197 690 1267 pulpita
706 1196 784 1264 lauti,

88 1272 118 1326 si
136 1277 243 1343 spectes
260 1278 362 1341 quanto
379 1273 478 1342 capitis
496 1273 651 1328 discrimine
669 1277 797 1329 constent

88 1348 265 1404 Incrementa
280 1349 384 1415 domus,
402 1353 496 1404 aerata
513 1351 616 1405 multus
633 1351 662 1404 in
681 1367 744 1405 arca

88 1424 184 1481 Fiscus
201 1430 231 1481 et
248 1426 285 1480 ad
301 1426 411 1494 vigilem
428 1427 547 1495 ponendi
566 1427 679 1482 Castora
695 1425 807 1494 nummi,
905 1441 941 1480 aa

87 1500 130 1556 lix
149 1518 204 1570 quo
222 1502 297 1556 Mars
315 1502 397 1557 Ultor
414 1502 520 1570 galeam
539 1519 648 1572 quoqne
665 1503 789 1572 perdidit
806 1505 836 1556 et
852 1517 897 1554 res

87 1576 150 1632 Non
168 1579 261 1648 potnit
279 1595 389 1633 servare
407 1594 476 1632 suas.
515 1580 587 1647 Ergo
605 1579 697 1632 omnia
716 1579 813 1632 Florae

87 1654 125 1708 Iit
143 1654 250 1710 Cereris
269 1655 335 1710 licet
351 1659 380 1709 et
397 1654 514 1723 Cybeles
531 1655 626 1709 aulaea
644 1653 782 1723 relinquas
787 1673 795 1720 ;

87 1728 175 1786 'fanto
192 1731 310 1802 majores
327 1732 446 1786 humana
462 1731 573 1800 negotia
590 1730 655 1785 ludi.

88 1808 135 1865 An
151 1809 238 1876 magis
255 1809 394 1863 oblectant
411 1808 531 1861 animum
544 1807 652 1876 jactata
669 1810 785 1876 petauro
905 1822 941 1861 aas

87 1882 211 1953 Corpora
228 1885 328 1954 quique
346 1885 415 1939 solet
432 1888 539 1937 rectum
557 1883 724 1938 descendere
741 1883 843 1950 funem,

88 1960 176 2027 Quam
194 1964 226 2015 tu
244 1960 357 2030 Corycia
374 1976 483 2028 semper
501 1961 548 2029 qui
565 1976 658 2029 puppe
675 1959 790 2012 moraris

88 2037 184 2106 Atque
200 2036 316 2103 habitas,
336 2037 406 2092 (loro
424 2052 533 2105 semper
550 2036 688 2090 tollendus
709 2038 740 2089 et
758 2037 871 2102 Austro,

87 2110 218 2168 Perditus
235 2129 267 2167 ac
283 2113 343 2166 vilis
363 2113 435 2167 sacci
453 2115 591 2166 mercator
608 2112 721 2177 olentis;

87 2188 141 2255 Qui
157 2189 261 2259 gaudes
278 2190 379 2259 pingue
396 2190 525 2259 antiquae
543 2189 579 2243 de
596 2189 678 2243 litore
695 2189 795 2243 Cretae
904 2202 940 2241 aro

86 2264 202 2321 Passum
219 2271 249 2322 et
266 2267 415 2335 municipes
433 2265 452 2318 J
454 2265 510 2319 ovis
529 2266 671 2322 advexisse
687 2266 816 2334 lagenas?

87 2340 143 2397 Hic
159 2347 253 2398 tamen
271 2341 382 2411 ancipiti
399 2342 486 2410 figens
503 2342 619 2409 vestigia
636 2343 731 2412 planta

86 2416 198 2473 Victum
214 2418 262 2473 illa
279 2418 405 2473 mercede
423 2420 504 2486 parat
520 2419 702 2487 brumamque
719 2418 877 2487 famemque

87 2493 141 2548 Illa
157 2499 232 2550 reste
248 2497 342 2560 cavet;
365 2498 397 2548 tu
414 2498 528 2564 propter
544 2494 619 2548 mille
637 2495 742 2549 talenta

87 2569 125 2624 Et
142 2575 253 2626 centum
270 2571 348 2624 villas
364 2570 534 2624 temerarius.
573 2571 675 2640 Aspice
693 2574 789 2639 portus
904 2582 940 2623 ato

87 2646 125 2701 Et
136 2647 247 2715 plenum
258 2646 364 2714 magnis
373 2646 497 2700 trabibus
510 2663 599 2710 mare;
611 2647 673 2715 plus
685 2646 825 2699 hominum
833 2643 939 2712 estjam
955 2645 958 2652 ’

88 2721 123 2777 In
140 2723 238 2793 pelago
247 2742 255 2788 ;
278 2722 371 2777 veniet
387 2721 480 2777 classis
499 2737 661 2791 quocunque
678 2722 781 2775 vocarit

87 2799 156 2868 Spes
173 2798 251 2866 lucri,
268 2815 319 2852 nec
338 2797 516 2867 Carpathium
536 2797 708 2867 Gaetulaque
725 2801 836 2852 tantum

88 2876 219 2944 Aequora
235 2874 378 2939 transiliet,
397 2877 449 2933 sed
464 2874 543 2942 longe
562 2874 647 2943 Calpe
663 2874 761 2928 relicta

88 2950 195 3005 Audiet
214 2949 350 3004 Herculeo
368 2952 531 3004 stridentem
549 2951 659 3019 gurgite
677 2950 769 3003 solem.
902 2966 939 3005 aso

87 3027 200 3083 Grande
217 3043 316 3096 operae
333 3027 453 3095 pretium
472 3030 564 3081 estut
581 3032 660 3082 tenso
676 3026 740 3080 folle
757 3027 859 3082 reverti

87 3104 161 3160 Inde
178 3103 289 3158 domum
304 3103 402 3173 possis,
420 3102 586 3173 tumidaque
602 3103 746 3173 superbus
760 3101 848 3151 num

80 3178 184 3234 Oceani
200 3183 326 3235 monstra
344 3184 374 3235 et
388 3179 513 3250 juvenes
530 3181 644 3235 uidisse
657 3175 801 3253 rhamnos:

68 3252 133 3308 Non
152 3270 225 3310 unus
242 3261 360 3314 mentes
376 3258 478 3330 agitat
496 3259 593 3314 anor.
628 3254 691 3311 itte
708 3257 827 3302 susm
