2040 3510
94 169 125 214 20
327 164 360 212 D.
377 163 483 212 JUNII
499 165 517 213 J
520 164 710 214 UVENALIS

94 243 249 322 S'urgebaut
267 253 371 308 cristae.
406 253 482 307 Nihil
499 258 541 309 est
560 255 635 323 quod
652 255 764 310 credere
782 256 818 311 de
835 273 865 312 se
918 272 942 312 ro

94 331 120 384 N
122 347 156 384 011
173 330 261 400 possit
278 347 361 399 quum
379 329 507 384 laudatur
525 330 569 383 dis
587 347 674 400 aequa
691 336 822 400 potestas

93 406 149 461 Sed
166 406 261 460 deerat
277 406 344 475 pisci
361 407 471 476 patinae
489 424 624 462 memma.
661 407 803 463 Vocantur

94 483 167 551 Ergo
184 483 211 535 in
230 482 369 536 consilinm
386 499 518 551 proceres,
537 501 604 552 quos
621 483 719 539 oderat
736 485 788 550 ille,

94 561 128 614 In
146 577 260 629 quorum
278 561 346 613 facie
363 561 478 614 miserae
494 578 665 630 magnaeque
688 561 803 617 sedebat

95 637 184 690 Pallor
201 637 342 690 amicitiae.
381 636 496 703 Primus,
515 637 649 691 clamante
668 637 789 692 Liburno
916 653 940 692 75

94 713 230 775 “Currite
246 711 306 779 jam
324 711 427 766 seditl”
445 716 527 782 rapta
544 713 711 783 properabat
729 713 819 768 abolla

94 789 220 857 Pegasus,
233 788 366 842 attonitae
385 788 491 858 positus
507 789 588 843 modo
607 789 711 843 villicus
730 789 806 843 Urbi

93 868 174 918 Anne
192 864 266 917 aliud
283 868 348 917 tunc
366 865 517 932 praefectil
535 883 650 935 quorum
669 866 788 936 optimus
806 869 892 934 atque

95 940 235 1009 interpres
252 939 563 1007 legumsanctissimus3
580 943 671 996 omnia
688 957 843 1010 quanquam

93 1016 268 1085 Temporibus
286 1016 352 1069 diris
370 1017 514 1071 tractanda
532 1019 648 1088 putabat
665 1018 762 1071 inermi
916 1031 940 1069 so

92 1092 212 1146 Justitia.
249 1092 333 1146 Venit
351 1097 380 1146 et
398 1092 486 1160 Crispi
497 1094 622 1161 jucunda
639 1097 772 1159 senectus,

93 1167 177 1238 Cujus
196 1173 274 1222 eraut
293 1186 381 1222 mores
401 1170 488 1236 qualis
505 1170 638 1232 facundia,
656 1170 723 1223 mite

93 1245 242 1312 Ingenium.
281 1245 368 1298 Maria
387 1261 418 1298 ao
438 1249 526 1299 terras
541 1246 707 1314 populosque
729 1245 836 1312 regenti

93 1321 158 1385 Quis
177 1338 265 1374 comes
284 1321 383 1388 utilior,
402 1321 424 1372 si
444 1321 522 1374 clade
541 1326 571 1375 et
591 1325 667 1390 peste
688 1321 738 1374 sub
757 1321 803 1374 illa

92 1397 237 1451 Saevitiam
260 1397 389 1450 damnare
412 1402 441 1451 et
461 1397 603 1452 honestum
623 1397 719 1450 afferre
740 1396 835 1450 liceret
915 1411 939 1449 ss

93 1473 254 1527 Consiliuml
291 1473 346 1526 Sed
365 1473 433 1542 quid
454 1474 597 1528 violentius
617 1490 682 1527 aure
701 1473 816 1539 tyranni,

92 1549 160 1603 (lum
179 1566 233 1618 quo
256 1549 290 1603 de
307 1549 405 1617 pluviis
424 1555 473 1604 aut
493 1550 612 1604 aestibus
631 1554 679 1604 aut
696 1548 819 1602 nimboso

91 1626 163 1679 Vere
184 1625 299 1680 locuturi
317 1626 404 1679 fatum
426 1626 563 1696 pendebat
583 1625 681 1680 amicii

93 1703 143 1756 Ille
166 1703 249 1770 igitur
269 1719 408 1771 nunquam
427 1703 529 1757 direxit
546 1702 658 1756 brachia
677 1707 772 1757 contra

91 1779 257 1846 Torrentem,
276 1796 327 1833 nec
346 1780 411 1833 civis
432 1784 492 1834 erat
512 1780 560 1847 qui
579 1779 667 1833 libera
685 1783 778 1849 posset
914 1793 938 1830 ao

91 1855 184 1908 Verba
203 1855 285 1908 animi
303 1856 425 1924 proferre
447 1860 475 1910 et
495 1856 579 1909 vitam
597 1855 756 1925 impendere
774 1871 844 1908 vero.

91 1932 135 1986 Sic
153 1931 252 1985 multas
275 1931 377 1984 hiemes
399 1936 482 2000 atque
503 1932 668 1999 octogesima
688 1930 758 1984 vidit

91 2007 219 2073 solstitia,
240 2007 281 2059 his
303 2008 386 2060 armis
405 2007 452 2060 illa
471 2023 579 2075 quoque
599 2011 675 2061 tutus
694 2006 722 2058 in
742 2005 811 2058 aula.

92 2083 235 2136 Proximus
255 2081 380 2149 ejusdem
400 2082 565 2152 properabat
588 2083 692 2136 Acilius
711 2082 769 2135 aevi

91 2160 159 2214 Cum
178 2158 280 2226 juvene
302 2159 414 2226 indigno
438 2176 520 2228 quem
546 2174 617 2211 mors
637 2162 695 2211 tam
716 2173 796 2211 saeva
813 2160 937 2212 maneret

91 2238 128 2291 Et
148 2234 256 2290 Domini
276 2235 375 2302 gladiis
396 2240 454 2290 tam
476 2235 619 2290 festinata:
642 2234 692 2288 sed
711 2234 775 2287 olim
912 2249 937 2287 ee

91 2311 219 2380 Prodigio
239 2329 289 2380 par
307 2316 350 2365 est
369 2329 431 2365 cum
450 2311 592 2366 nobilitate
613 2314 751 2365 senectus:

91 2388 172 2442 Unde
192 2389 230 2452 fit,
250 2392 282 2441 ut
302 2388 394 2441 malim
413 2388 574 2442 fraterculus
597 2404 654 2441 esse
673 2385 806 2454 (ligantis.

91 2464 198 2518 Profuit
217 2480 281 2530 crgo
302 2463 369 2516 nihil
390 2465 487 2517 misero
507 2463 580 2531 quod
601 2463 721 2516 cominus
739 2478 817 2516 ursos

91 2541 206 2609 Pigebat
225 2539 367 2607 Numidas,
389 2541 496 2594 Albana
516 2539 605 2592 nudus
626 2556 708 2593 arena
899 2554 935 2591 roo

91 2619 218 2672 Venator.
255 2615 321 2680 Quis
340 2617 413 2669 enim
429 2616 488 2684 jam
507 2633 561 2669 non
580 2615 715 2682 intelligat
735 2619 808 2670 artes

91 2693 241 2748 Patriciasi
278 2691 343 2755 Quis
362 2693 480 2761 priscum
500 2692 568 2745 illud
586 2692 702 2745 miratur
722 2707 842 2757 acumen,

91 2772 183 2836 Brute,
204 2771 297 2822 tuuml
334 2769 424 2822 Facile
443 2773 486 2823 est
506 2768 621 2822 barbato
642 2767 780 2836 imponere
799 2767 863 2834 regi

90 2848 148 2900 Nec
169 2846 264 2898 melior
282 2846 367 2912 vultu,
393 2845 514 2914 quamvis
538 2843 671 2913 ignobilis,
684 2841 742 2896 ibat

91 2923 216 2989 Rubrius,
238 2923 354 2976 offensae
374 2923 474 2975 veteris
493 2938 555 2974 rcus
575 2923 658 2988 atque
678 2917 818 2984 tacendae,
898 2932 933 2972 105

89 3000 126 3054 Et
144 3005 237 3052 tamen
257 2998 406 3066 improbior
426 2997 538 3052 satiram
558 2996 692 3049 scribente
712 2993 831 3048 cinaedo.

78 3076 211 3124 Montani
230 3092 339 3140 quoque
359 3078 455 3127 venter
474 3073 559 3134 adest,
580 3069 724 3124 abdomine
744 3070 847 3138 tardus,

57 3142 102 3186 Et
120 3149 266 3198 oratoriae
284 3149 394 3202 sudans
415 3149 559 3218 Crispinus
580 3164 687 3202 amomo

87 3217 193 3279 putum
218 3221 265 3272 rix
283 3224 422 3281 redolent
441 3226 502 3283 duo
520 3227 640 3294 funera3
663 3225 773 3282 sacrior
790 3225 841 3281 illo
