2040 3510
66 182 97 228 60
147 211 148 215 =
300 181 331 229 D.
350 181 369 229 J
372 180 456 230 UNII
473 177 681 229 JUVENALIS

65 269 133 338 Spes
150 267 289 339 superasti
307 267 345 325 tu'
355 274 463 327 tantum
481 271 568 325 erucis
585 271 710 340 imprime
724 271 843 326 denhem.

99 347 176 402 Haec
194 347 319 417 exempla
336 365 404 416 para
420 346 555 403 felicibus:
574 352 603 401 ab
619 365 681 402 mea
699 348 797 402 Clotho
878 362 914 407 1³5

65 422 102 476 Ea
119 423 247 477 Lachesis
264 423 386 490 gaudent
404 424 426 476 ei
443 425 565 492 pasoitur
580 424 692 492 inguine
708 428 813 478 venter.
873 442 875 446 ⁴

65 498 88 551 Ο
107 499 183 566 parvi
200 500 341 569 nostrique
359 499 450 566 Lares,
469 516 537 569 quos
555 505 618 556 ture
634 501 740 555 minuto

64 576 124 628 Aut
142 576 214 629 farre
231 580 260 630 et
278 577 354 629 tenui
372 575 444 630 soleo
462 594 575 631 exorare
593 594 700 643 corona,

65 652 179 717 Quando
198 669 249 719 ego
267 653 350 720 figam
368 653 541 722 aliquidque
559 654 596 708 sii
613 654 680 707 mihi
697 657 760 708 tuta
778 656 903 707 senectus

64 728 92 780 A
110 731 202 795 tegete
220 732 249 783 et
266 729 380 783 baculo?
398 730 494 798 viginti
512 730 597 784 miliia
615 732 693 785 fenus
875 743 912 781 leo

64 802 228 870 Pignoribus
247 805 350 874 positis,
369 807 476 873 argenti
494 807 602 863 vaseula
621 808 684 876 puri
888 806 891 813 ’

64 878 120 932 Sed
138 897 208 948 qnae
228 881 369 936 Fabricius
391 883 493 938 Censor
510 888 596 950 notet,
618 887 647 938 ei
665 884 720 937 duo
738 883 824 937 fortes

64 954 107 1008 De
127 973 210 1025 grege
229 958 392 1027 Moesorum,
411 960 458 1028 qui
476 977 521 1014 me
541 961 645 1014 cervice
663 961 753 1014 locata

64 1030 195 1086 Securum
212 1033 328 1102 jubeant
347 1036 464 1089 clamoso
482 1036 608 1090 insistere
627 1036 725 1090 Circo?

64 1107 107 1161 Sit
124 1109 190 1162 mihi
209 1114 353 1179 practerea
371 1129 470 1166 curvus
488 1113 613 1179 caelator,
634 1118 663 1166 et
682 1113 752 1166 alter
876 1125 912 1162 ιιι

65 1184 117 1248 Qui
136 1186 235 1240 multas
253 1188 335 1242 facies
353 1188 433 1256 fingit
450 1188 517 1242 cito:
540 1189 675 1242 sufficiunt
690 1187 764 1254 haec,

65 1260 178 1324 Quando
197 1279 247 1331 ego
266 1281 371 1334 pauper
388 1281 440 1319 ero.
477 1265 578 1319 Votum
600 1263 761 1329 miserabile,
779 1278 830 1316 nec
849 1278 912 1331 spes

64 1335 116 1390 His
135 1339 246 1392 saltem:
269 1357 332 1393 nam
352 1358 436 1409 quum
455 1357 505 1410 pro
525 1357 570 1394 me
589 1339 710 1393 Fortuna
728 1343 846 1407 rogatur,

63 1413 163 1467 Affixn
182 1431 257 1469 ceras
278 1416 325 1470 illa
344 1417 379 1471 de
394 1435 463 1471 nave
483 1417 585 1486 petitas

64 1489 141 1554 Quae
160 1489 263 1546 Siculos
282 1497 378 1548 contus
398 1493 494 1561 effugit
512 1494 616 1561 remige
634 1492 723 1547 surdo.
875 1506 912 1545 leo

384 1829 528 1884 SATIRA
554 1829 587 1885 X.

63 1947 195 2003 Onmeus
212 1949 240 2003 in
257 1949 338 2004 terris
356 1953 506 2017 quaesunt
523 1965 540 2002 a
558 1948 680 2002 Gadibus
696 1963 782 2016 usque

64 2026 198 2079 Auroram
215 2031 245 2081 et
264 2026 386 2093 Gangen,
403 2025 483 2093 pauci
501 2023 659 2090 dignoscere
676 2027 790 2091 possunt

63 2101 138 2156 Vera
155 2103 226 2156 bona
244 2105 328 2170 atque
346 2101 398 2155 illis
416 2100 532 2154 mulium
550 2098 665 2164 diversa,
684 2103 789 2151 remota

62 2177 169 2231 Erroris
185 2177 293 2233 nebula.
329 2175 402 2242 Quid
419 2176 491 2229 enim
508 2175 613 2228 ratione
630 2174 757 2227 timemus

30 2315 33 2323 Ι
63 2254 123 2308 Aut
134 2255 256 2323 cupimus
268 2256 277 2308 i
295 2253 363 2322 quid
374 2255 433 2306 tam
445 2251 543 2305 dextro
555 2248 626 2319 pede
638 2250 764 2318 concipis,
783 2253 816 2304 nh
827 2253 856 2304 ie
897 2265 909 2302 a

63 2330 183 2383 Conatus
199 2346 253 2383 non
270 2329 410 2398 poeniteat
425 2328 536 2395 votique
553 2326 674 2394 peracti?

63 2404 195 2459 Evertere
213 2405 307 2458 domos
325 2409 398 2458 totas
416 2404 574 2474 optantibus
592 2403 657 2472 ipsis

63 2480 99 2534 Di
116 2481 223 2544 feciles;
239 2481 363 2534 nocitura
380 2485 453 2547 toga,
471 2479 595 2533 nocitura
613 2482 747 2549 petuntur

63 2556 179 2622 Milihia;
196 2560 303 2610 horrens
321 2555 430 2609 dicendi
448 2556 524 2624 eopia
541 2555 634 2609 mulbis

63 2632 100 2688 m
116 2649 166 2687 sua
183 2631 322 2684 mortifera
340 2637 383 2686 esi
400 2631 545 2697 facundia;
563 2632 665 2685 viribus
682 2631 730 2685 ille
886 2647 908 2685 ιο

63 2709 185 2764 Confisus
203 2708 286 2776 periit
303 2707 533 2776 admirandusque
550 2707 667 2761 lacertis.

97 2785 152 2838 Sed
164 2785 256 2854 plures
272 2785 356 2839 nimia
373 2788 504 2851 congesta
521 2784 636 2853 pecunia
652 2800 718 2839 cura

63 2861 228 2929 strangulat,
247 2865 276 2916 ei
294 2866 392 2917 cuncta
410 2877 576 2929 exsuperans
594 2860 757 2929 patrimonia
774 2875 872 2917 oeneus

63 2936 171 3001 Quanto
188 2937 322 3007 delphinis
339 2937 454 2992 balaena
471 2937 628 2991 Britannica
645 2934 739 3003 major.

62 3014 240 3083 Temporibus
257 3015 323 3070 diris
341 3015 425 3084 igitur
438 3014 573 3083 jussuque
591 3013 706 3068 Neronis
885 3030 910 3068 ιι

54 3089 210 3151 Longinum
228 3095 259 3146 et
274 3108 389 3160 magnos
407 3091 527 3146 Senecae
544 3088 704 3160 praedivitis
721 3089 815 3145 hortos

46 3155 147 3220 ‘'hwh
170 3168 203 3215 er
220 3168 352 3234 egregias
371 3169 578 3224 Lateranorum
596 3164 709 3223 ohsideh
724 3166 811 3221 aedes
920 3196 928 3209 =

57 3204 90 3308 fl
105 3231 234 3294 cohors:
250 3257 339 3301 rarus
361 3247 441 3302 venit
458 3249 490 3302 in
510 3243 669 3304 coenacula
682 3243 773 3300 miies.
