2040 3510
422 201 556 250 SATIRA
573 201 626 252 III.
922 202 952 257 15

100 290 252 345 Vivendum
273 293 316 345 est
334 290 390 344 illic
410 289 459 344 ubi
479 290 553 344 nulla
570 291 704 361 incendia,
723 292 791 348 nulli

98 367 125 420 N
126 371 186 421 octe
198 371 294 422 metus.
330 367 349 420 J
352 383 397 420 am
408 366 498 436 poscit
509 383 616 435 aquam,
632 367 692 436 jam
707 369 804 425 frivola
820 371 953 427 transfert

98 443 253 512 Ucalegon;
278 442 403 498 tabulata
421 442 474 498 tibi
489 443 549 511 jam
568 444 652 498 tertia
670 444 796 512 fumant;

96 519 139 573 Tu
158 521 261 574 nescis:
284 536 349 582 nam
366 520 389 572 si
408 519 539 588 gradibus
557 520 713 590 trepidatur
733 521 769 576 ab
788 521 857 590 imis,
916 537 953 578 aco

97 596 217 651 Ultimus
238 595 348 650 ardebit
368 611 451 663 quem
470 595 564 664 tegula
584 596 640 649 sola
659 600 754 651 tuetur

97 676 124 726 A
143 673 241 742 pluvia,
261 673 357 726 molles
375 671 423 726 ubi
441 671 564 726 reddunt
582 688 634 726 ova
652 673 799 730 columbae.

51 760 56 769 ’
97 750 197 804 Lectus
216 752 276 804 erat
296 748 386 803 Codro
405 748 522 803 Procula
542 748 637 818 nrinor,
658 750 759 805 urceoli
778 768 835 819 sex,

97 827 295 880 Ornamentum
314 825 407 891 abaci3
431 842 481 879 nee
501 841 556 878 non
575 829 605 879 et
624 826 754 895 parvulus
775 828 846 882 infra

96 903 250 957 Cantharus
262 905 292 957 et
303 903 436 957 recubans
448 902 498 956 sub
509 901 608 956 eodem
620 919 755 956 marmore
768 904 869 959 Chiron
879 926 885 971 ;
914 922 950 961 aes

96 979 213 1049 Jamque
233 983 312 1034 vetus
331 979 450 1033 Graecos
466 978 594 1033 servabat
612 978 681 1033 cista
699 979 811 1048 libellos,

96 1056 132 1111 llt
150 1056 240 1110 divina
259 1056 330 1126 opici
350 1055 486 1110 rodebant
505 1055 626 1109 carmina
647 1071 746 1110 mures.

95 1131 142 1185 Nil
160 1132 257 1186 habuit
276 1133 401 1187 Codrus:
420 1133 482 1202 quis
501 1132 574 1185 enim
593 1132 696 1199 negati
719 1135 749 1185 et
768 1130 861 1186 tamen
880 1133 949 1187 illud

95 1208 219 1264 Perdidit
238 1209 332 1263 infelix
352 1213 442 1264 totum
461 1208 544 1262 nihil:
563 1207 677 1261 ultimus
696 1211 788 1263 autem

94 1286 251 1340 Aerumnae
269 1286 400 1353 cumulus,
419 1285 495 1353 quod
512 1284 617 1338 nudum
636 1287 666 1337 et
684 1283 773 1338 frusta
793 1289 936 1354 rogantem

93 1361 182 1416 Nemo
201 1362 269 1429 cibo,
287 1377 368 1416 nemo
388 1361 505 1431 hospitio
527 1363 658 1428 tectoque
673 1357 790 1427 juvabit.
912 1378 947 1415 211

94 1437 123 1491 Si
141 1454 240 1506 magna
259 1438 382 1493 Asturici
402 1437 501 1491 cecidit
520 1437 623 1502 domus
644 1436 755 1490 horrida
775 1441 871 1505 mater,

94 1513 195 1568 Pullati
215 1531 349 1584 proceres,
369 1514 461 1568 differt
479 1513 635 1567 vadimonia
654 1513 786 1579 Praetor;
900 1554 901 1558 ,

92 1589 168 1643 Tunc
188 1591 321 1658 gemimus
340 1607 418 1644 casus
439 1590 531 1657 Urbis,
550 1593 616 1644 tunc
636 1589 743 1642 odimus
762 1590 860 1657 ignem.
949 1638 951 1646 ⁴

93 1666 185 1720 Ardet
203 1666 292 1720 adhue
311 1668 340 1720 et
357 1666 417 1734 jam
437 1667 554 1721 accurrit
576 1667 623 1734 qui
640 1681 778 1720 marmora
797 1667 889 1731 donet,
910 1680 946 1717 215

94 1741 223 1797 Conferat
241 1743 385 1812 impensas.
421 1743 476 1796 Hic
495 1742 570 1796 nuda
588 1745 617 1796 et
638 1740 755 1797 candida
774 1742 858 1809 signa,

93 1817 148 1872 Hic
167 1818 272 1888 aliquid
290 1819 462 1889 praeclarum
482 1818 667 1886 Euphranoris
686 1820 715 1870 et
735 1817 874 1886 Polycleti,

93 1895 171 1950 Haec
192 1896 357 1950 Asianorum
376 1900 470 1950 vetera
490 1897 650 1948 ornamenta
671 1894 792 1961 deorum,

92 1971 147 2026 Hic
163 1971 249 2026 libros
269 1971 348 2026 dabit
369 1972 511 2026 etfomlos
530 1971 704 2040 mediamque
726 1970 887 2037 Minervam,

91 2046 146 2102 Hic
163 2047 284 2102 modium
301 2048 422 2117 argenti:
445 2048 558 2102 meliora
580 2051 608 2102 et
627 2047 705 2116 plura
723 2047 832 2116 reponit
908 2060 945 2100 222

91 2122 216 2178 Persicus
233 2123 361 2178 orborum
380 2124 553 2192 lautissimus,
572 2129 601 2179 et
621 2123 719 2178 meritc
735 2121 796 2190 jam
859 2150 862 2157 ·

90 2199 237 2269 Suspectus
256 2204 387 2270 tanquam
405 2202 466 2272 ipse
483 2217 545 2255 suas
563 2199 715 2255 incenderit
735 2199 824 2256 aedes.

90 2275 119 2330 Si
136 2279 215 2346 potes
233 2277 312 2332 avelli
331 2277 510 2346 Circensibus,
531 2278 633 2346 optima
652 2277 735 2332 Sorae

90 2356 149 2407 Aut
170 2352 348 2408 Fabrateriae
368 2353 463 2408 domus
482 2357 531 2408 aut
552 2354 703 2407 Frusinone
721 2355 843 2421 paratur,

89 2428 191 2494 Quanti
209 2447 281 2483 nunc
298 2430 427 2485 tenebras
445 2447 530 2485 unum
548 2430 675 2485 conducis
694 2430 723 2482 in
742 2445 850 2483 annum.
906 2447 951 2485 aas

89 2505 225 2560 Hortulus
243 2506 287 2560 hie
307 2511 462 2576 puteusque
484 2507 574 2560 brevis
592 2523 643 2560 nec
661 2509 735 2561 reste
753 2506 905 2560 movendus

88 2581 123 2635 Iu
143 2585 240 2637 tenues
258 2582 367 2653 plantas
384 2581 458 2637 facili
476 2583 639 2637 diffunditur
659 2582 766 2636 haustu.

88 2658 158 2712 Vive
177 2658 299 2713 bidentis
317 2675 410 2713 amans
431 2662 460 2713 et
479 2659 546 2713 culti
566 2659 670 2712 villicus
689 2658 769 2724 horti,

88 2735 170 2790 Unde
188 2735 298 2804 epulum
316 2736 403 2804 possis
422 2740 533 2790 centum
554 2735 621 2790 dare
641 2733 827 2804 Pythagoreis.

87 2811 139 2866 Est
158 2811 269 2880 aliquid,
290 2828 451 2880 quocunque
469 2812 534 2879 loco,
556 2827 718 2881 quocunque
736 2825 866 2877 recessu·
904 2825 940 2864 aee

86 2887 175 2942 Unius
194 2904 254 2942 2222
275 2887 416 2941 dominum
436 2888 533 2942 fecisse
551 2887 677 2943 lacertae.

74 2959 77 2964 ’
122 2964 259 3018 Plurimus
277 2964 322 3017 hie
341 2980 423 3032 aeger
441 2964 557 3018 moritur
575 2965 725 3034 vigilando:
751 2965 801 3020 sed
819 2966 896 3020 illurn

87 3039 259 3108 Languorem
278 3041 387 3110 peperit
405 3040 482 3095 cibus
501 3041 679 3112 imperfectus
696 3046 730 3095 et
746 3041 871 3093 hamam,

87 3115 206 3171 Ardenti
226 3117 376 3174 stomacho.
412 3117 490 3174 llam
508 3135 583 3190 quae
597 3115 753 3172 meritoria
768 3123 910 3161 somam

78 3191 265 3250 numeranti
302 3195 420 3268 Magna
440 3195 547 3270 opttus
570 3191 721 3248 assumat
736 3185 776 3234 ‘m
783 3178 894 3227 Ἠώ-
994 3252 997 3255 ,

70 3265 145 3323 inde
163 3275 254 3342 caput
275 3274 382 3334 morbi
422 3273 611 3334 Rhedaimm
624 3261 785 3324 tranem
801 3248 875 3301 ”m

963 3171 1002 3203 ‘fi
