2040 3510
92 189 123 238 51
328 189 359 239 D.
378 187 482 250 JUNII
499 189 707 239 JUVENALIS

91 276 171 331 Inter
188 275 328 332 canridces
345 280 376 332 et
394 277 485 331 fabros
503 276 706 346 sandapilarum
905 285 945 332 ns

91 353 130 407 Et
146 353 299 422 resupinati
317 354 454 408 cessantia
471 356 603 422 tympana
621 353 702 408 Galli.
750 408 751 412 ,

91 431 191 498 Aequa
207 429 246 483 ibi
264 430 384 496 libertas,
403 430 557 483 communia
574 430 679 499 pocula,
694 431 782 486 lectus

89 505 152 558 Non
171 505 239 558 alius
257 505 391 574 cuiquam,
411 522 461 560 ncc
480 522 574 560 mensa
591 507 721 560 remotior
737 507 792 561 ulli.

90 579 163 643 Quid
181 580 265 634 facias
282 581 367 635 talem
387 582 507 648 sortitus,
528 581 648 651 Pontice,
667 585 790 638 servuml
975 644 977 649 ,

88 656 197 726 Nempe
214 658 243 710 in
262 657 386 712 Lucanos
404 661 453 712 aut
471 658 559 712 'lusca
576 658 715 726 ergastula
732 660 835 715 mittas.
904 676 941 715 1so

88 733 131 787 At
148 750 203 800 vos,
221 732 397 802 Projugenac,
416 735 492 789 vobis
509 735 657 804 ignoscitis,
675 738 706 789 et
724 752 794 804 quae

88 808 189 877 Turpia
206 809 316 864 cerdoni
333 810 447 866 Volesos
465 812 637 880 Brutumque
655 811 799 866 decebunt.

124 885 203 952 Quid,
223 886 245 940 si
263 903 401 955 nunquam
419 889 490 942 adeo
507 888 594 942 foedis
612 888 736 958 adeoque
752 888 889 958 pudendis

88 961 200 1016 Utimur
217 963 350 1033 exemplis
367 968 399 1018 ut
416 982 471 1018 non
488 964 584 1033 pejora
603 965 757 1032 supersint?

88 1037 244 1092 Consumtis
263 1039 359 1107 opibus
377 1057 477 1107 vocem,
496 1041 671 1110 Damasippo,
689 1039 783 1094 locasti
901 1056 939 1095 185

87 1113 199 1182 Siparis,
219 1117 366 1170 clamosum
384 1133 480 1184 ageres
498 1121 530 1170 ut
549 1117 667 1170 Phasma
686 1116 801 1170 Catulli:

88 1189 250 1244 ‘Laureolum
266 1192 346 1245 velox
363 1192 446 1246 etiam
464 1191 534 1245 bene
553 1191 686 1245 Lentulus
705 1191 770 1258 egit,

88 1265 188 1320 Judice
205 1283 249 1320 me
267 1266 364 1335 dignus
382 1284 447 1321 vera
464 1283 550 1320 cruce.
587 1267 646 1320 Nec
664 1269 756 1320 tamen
774 1266 828 1335 ipsi

90 1341 218 1409 Ignoscas
234 1342 348 1412 populo:
364 1343 458 1412 populi
475 1343 549 1396 frons
568 1341 663 1396 durior
676 1341 765 1410 hujus,
962 1389 965 1394 .

89 1417 141 1481 Qui
158 1418 237 1472 sedet
254 1422 284 1473 et
299 1423 408 1488 spectat
425 1419 565 1474 triscurria
581 1418 764 1488 patriciorum,
901 1435 939 1474 1oo

89 1492 250 1562 Planipedes
269 1494 348 1549 audit
366 1494 472 1560 Fabios,
491 1494 583 1548 ridere
600 1497 693 1563 potest
717 1493 764 1563 qui

88 1571 286 1624 Mamercorum
304 1570 403 1639 alapas.
440 1571 541 1635 Quanti
558 1586 608 1624 sua
624 1570 720 1623 funera
737 1569 860 1625 vendant

89 1645 161 1711 Quid
178 1647 280 1702 referti
315 1647 449 1701 Vendunt
465 1647 539 1700 nullo
558 1650 673 1714 cogente
690 1646 809 1714 Nerone,

88 1723 114 1774 N
116 1740 147 1777 ec
165 1722 292 1778 dubitant
309 1723 375 1778 celsi
394 1724 531 1777 Praetoris
549 1722 668 1777 vendere
685 1722 763 1777 ludis.

89 1799 175 1867 Finge
186 1803 277 1854 tamen
289 1800 396 1869 gladios
407 1800 480 1867 inde,
493 1804 577 1869 atque
589 1799 652 1852 hinc
664 1798 772 1868 pulpita
782 1806 866 1868 pone:
902 1817 938 1855 195

89 1875 162 1940 Quid
180 1877 280 1931 satiusl
314 1878 433 1931 Mortem
451 1877 489 1930 sic
508 1876 650 1944 quisquam
668 1875 809 1930 exhorruit
826 1879 859 1930 ut
876 1877 912 1933 sit

89 1952 234 2022 Zelotypus
251 1954 399 2022 Thymeles,
417 1952 521 2022 stupidi
538 1951 641 2020 collega
661 1951 799 2006 Corinthii

90 2027 145 2080 Iles
162 2027 236 2082 hand
254 2029 324 2083 mira
341 2033 435 2083 tamen
452 2027 609 2081 citharoedo
628 2027 752 2095 Principe
769 2027 868 2081 mimus

89 2103 114 2155 N
117 2103 201 2158 obilis.
238 2105 316 2159 Haec
334 2105 407 2159 ultra
425 2103 492 2172 quid
510 2104 563 2157 erit
579 2103 631 2156 nisi
648 2102 750 2156 ludusl
785 2104 823 2156 Et
839 2104 908 2158 illud

89 2179 214 2235 Dedecus
233 2181 316 2235 Urbis
333 2181 431 2246 habcs;
449 2196 499 2233 nec
516 2178 685 2233 mirmillonis
702 2179 731 2231 in
749 2179 839 2246 armis,
900 2196 938 2234 aoo

90 2258 114 2309 N
116 2274 147 2310 ec
165 2257 253 2326 clipeo
272 2257 424 2312 Gracchum
442 2259 610 2326 pugnantem
628 2258 676 2308 aut
693 2254 762 2308 falce
780 2256 884 2326 supina,

88 2335 219 2401 (Damnat
236 2335 308 2388 enim
325 2333 396 2388 tales
412 2333 539 2398 habitus;
558 2335 587 2385 et
605 2331 717 2385 damnat
735 2335 764 2386 et
782 2331 851 2400 odit)

89 2412 149 2464 Nec
166 2410 243 2479 galea
260 2409 358 2464 faciem
376 2409 536 2474 abscondit;
553 2411 645 2462 movet
663 2424 726 2462 ecce
743 2407 909 2475 tridentem

89 2487 238 2556 Postquam
255 2486 356 2541 librata
372 2485 522 2557 pendentia
539 2485 610 2539 retia
628 2485 727 2538 dextra

88 2563 281 2632 Nequidquam
299 2562 403 2630 effudit,
419 2562 524 2616 nudum
542 2562 578 2616 ad
596 2561 753 2631 spectacula
769 2561 875 2616 vultum
898 2576 938 2616 aot

88 2639 178 2708 Erigit
195 2643 224 2694 et
241 2643 302 2694 tota
318 2639 390 2708 fugit
408 2638 595 2708 agnoscendus
612 2655 703 2692 arena.

90 2715 240 2770 Credamus
256 2715 372 2782 tunicae,
390 2716 425 2770 de
443 2715 567 2770 faucibus
585 2731 667 2768 aurea
685 2730 768 2782 quum
786 2729 815 2767 se

89 2792 216 2860 Porrigat
234 2796 263 2846 et
279 2792 360 2860 longo
374 2791 498 2861 jactetur
514 2792 588 2861 spira
605 2791 713 2859 galero:

88 2869 162 2937 Ergo
179 2868 355 2938 ignominiam
372 2870 524 2938 graviorem
542 2868 656 2936 pertulit
673 2865 745 2919 omni

88 2945 208 3000 Vulnere
225 2961 286 2999 cum
305 2945 428 3000 Graccho
441 2944 534 3014 jussus
551 2960 673 3014 pugnare
696 2943 810 2995 secutor.
902 2957 939 2996 uo

123 3021 222 3075 Libera
240 3021 263 3074 si
281 3021 382 3076 dentur
399 3021 499 3092 populo
517 3021 653 3088 suffragia,
671 3019 732 3087 quis
754 3022 811 3071 tam

74 3097 215 3148 Perdr'tus
233 3101 266 3151 ut
283 3098 394 3153 dubitet
413 3098 544 3154 Senecam
562 3098 700 3166 praeferre
719 3093 842 3149 Neronil

61 3165 156 3246 anJns
172 3173 314 3238 supplicio
333 3192 388 3229 non
409 3174 513 3231 debuit
528 3191 587 3230 una
603 3172 701 3245 parari

40 3230 143 3301 sm,
164 3257 223 3296 uec
242 3262 365 3318 serpens
386 3268 471 3322 unus,
491 3268 546 3310 nec
565 3250 667 3308 ctslcus
683 3265 767 3305 unus
