<?xml version="1.0" encoding="UTF-8"?>
<!DOCTYPE html PUBLIC "-//W3C//DTD XHTML 1.0 Transitional//EN"
    "http://www.w3.org/TR/xhtml1/DTD/xhtml1-transitional.dtd">
<html xmlns="http://www.w3.org/1999/xhtml" xml:lang="en" lang="en">
 <head>
  <title>
</title>
<meta http-equiv="Content-Type" content="text/html;charset=utf-8" />
  <meta name='ocr-system' content='tesseract 3.04.00' />
  <meta name='ocr-capabilities' content='ocr_page ocr_carea ocr_par ocr_line ocrx_word'/>
</head>
<body>
  <div class='ocr_page' id='page_1' title='image "./deciijuniijuven00persgoog_0104.png"; bbox 0 0 2040 3510; ppageno 0'>
   <div class='ocr_carea' id='block_1_1' title="bbox 391 159 926 210">
    <p class='ocr_par' dir='ltr' id='par_1_1' title="bbox 391 159 926 210">
     <span class='ocr_line' id='line_1_1' title="bbox 391 159 926 210; baseline -0.026 0"><span class='ocrx_word' id='word_1_1' title='bbox 391 160 525 210; x_wconf 75' lang='grc'><strong>111111</strong></span> <span class='ocrx_word' id='word_1_2' title='bbox 542 159 601 209; x_wconf 83' lang='lat' dir='ltr'><strong>xv.</strong></span> <span class='ocrx_word' id='word_1_3' title='bbox 894 160 926 208; x_wconf 78' lang='lat'><strong>95</strong></span> 
     </span>
    </p>
   </div>
   <div class='ocr_carea' id='block_1_2' title="bbox 71 246 925 3141">
    <p class='ocr_par' dir='ltr' id='par_1_2' title="bbox 74 246 925 470">
     <span class='ocr_line' id='line_1_2' title="bbox 76 246 831 319; baseline 0 -15"><span class='ocrx_word' id='word_1_4' title='bbox 76 250 149 304; x_wconf 86' lang='lat' dir='ltr'><strong>Nam</strong></span> <span class='ocrx_word' id='word_1_5' title='bbox 167 266 254 319; x_wconf 86' lang='lat' dir='ltr'><strong>genus</strong></span> <span class='ocrx_word' id='word_1_6' title='bbox 272 250 324 304; x_wconf 90' lang='lat' dir='ltr'><strong>hoc</strong></span> <span class='ocrx_word' id='word_1_7' title='bbox 343 249 404 302; x_wconf 83' lang='lat' dir='ltr'><strong>rivo</strong></span> <span class='ocrx_word' id='word_1_8' title='bbox 418 247 479 316; x_wconf 88' lang='lat' dir='ltr'><strong>jam</strong></span> <span class='ocrx_word' id='word_1_9' title='bbox 499 246 675 304; x_wconf 78' lang='lat' dir='ltr'>decrescebat</span> <span class='ocrx_word' id='word_1_10' title='bbox 694 248 831 315; x_wconf 84' lang='lat' dir='ltr'><strong>Homero3</strong></span> 
     </span>
     <span class='ocr_line' id='line_1_3' title="bbox 75 324 925 392; baseline -0.007 -12"><span class='ocrx_word' id='word_1_11' title='bbox 75 325 159 380; x_wconf 76' lang='lat' dir='ltr'><strong>&#39;ferra</strong></span> <span class='ocrx_word' id='word_1_12' title='bbox 177 325 264 381; x_wconf 79' lang='lat' dir='ltr'><strong>malos</strong></span> <span class='ocrx_word' id='word_1_13' title='bbox 283 324 406 378; x_wconf 88' lang='lat' dir='ltr'><strong>homines</strong></span> <span class='ocrx_word' id='word_1_14' title='bbox 422 342 495 380; x_wconf 90' lang='lat' dir='ltr'><strong>nuno</strong></span> <span class='ocrx_word' id='word_1_15' title='bbox 514 324 612 378; x_wconf 88' lang='lat' dir='ltr'><strong>educat</strong></span> <span class='ocrx_word' id='word_1_16' title='bbox 631 327 714 392; x_wconf 85' lang='lat' dir='ltr'><strong>atque</strong></span> <span class='ocrx_word' id='word_1_17' title='bbox 732 324 851 392; x_wconf 89' lang='lat' dir='ltr'><strong>pusillos.</strong></span> <span class='ocrx_word' id='word_1_18' title='bbox 901 337 925 375; x_wconf 79' lang='lat' dir='ltr'><strong>ro</strong></span> 
     </span>
     <span class='ocr_line' id='line_1_4' title="bbox 74 399 780 470; baseline -0.003 -14"><span class='ocrx_word' id='word_1_19' title='bbox 74 401 148 470; x_wconf 82' lang='lat' dir='ltr'><strong>Ergo</strong></span> <span class='ocrx_word' id='word_1_20' title='bbox 167 401 241 467; x_wconf 88' lang='lat' dir='ltr'><strong>deus,</strong></span> <span class='ocrx_word' id='word_1_21' title='bbox 262 401 417 470; x_wconf 83' lang='lat' dir='ltr'><strong>quicunque</strong></span> <span class='ocrx_word' id='word_1_22' title='bbox 436 400 553 469; x_wconf 84' lang='lat' dir='ltr'><strong>aspexit,</strong></span> <span class='ocrx_word' id='word_1_23' title='bbox 572 399 647 453; x_wconf 87' lang='lat' dir='ltr'><strong>ridet</strong></span> <span class='ocrx_word' id='word_1_24' title='bbox 665 402 695 454; x_wconf 88' lang='grc'><strong>11</strong></span> <span class='ocrx_word' id='word_1_25' title='bbox 713 399 780 454; x_wconf 91' lang='lat' dir='ltr'><strong>odit.</strong></span> 
     </span>
    </p>

    <p class='ocr_par' dir='ltr' id='par_1_3' title="bbox 76 476 751 546">
     <span class='ocr_line' id='line_1_5' title="bbox 76 476 751 546; baseline -0.004 -14"><span class='ocrx_word' id='word_1_26' title='bbox 76 479 103 532; x_wconf 87' lang='grc' dir='ltr'><strong>Δ</strong></span> <span class='ocrx_word' id='word_1_27' title='bbox 125 477 289 532; x_wconf 83' lang='lat' dir='ltr'><strong>diverticulo</strong></span> <span class='ocrx_word' id='word_1_28' title='bbox 307 481 449 546; x_wconf 87' lang='lat' dir='ltr'><strong>repetatur</strong></span> <span class='ocrx_word' id='word_1_29' title='bbox 467 477 566 532; x_wconf 83' lang='lat' dir='ltr'><strong>fabula</strong></span> <span class='ocrx_word' id='word_1_30' title='bbox 603 476 751 545; x_wconf 86' lang='lat' dir='ltr'><strong>Postquam</strong></span> 
     </span>
    </p>

    <p class='ocr_par' dir='ltr' id='par_1_4' title="bbox 74 552 755 624">
     <span class='ocr_line' id='line_1_6' title="bbox 74 552 755 624; baseline -0.001 -17"><span class='ocrx_word' id='word_1_31' title='bbox 74 552 209 608; x_wconf 81' lang='lat' dir='ltr'><strong>Subsidiis</strong></span> <span class='ocrx_word' id='word_1_32' title='bbox 228 555 302 608; x_wconf 89' lang='lat' dir='ltr'><strong>aucti</strong></span> <span class='ocrx_word' id='word_1_33' title='bbox 320 570 384 622; x_wconf 92' lang='lat' dir='ltr'><strong>pars</strong></span> <span class='ocrx_word' id='word_1_34' title='bbox 403 554 489 608; x_wconf 86' lang='lat' dir='ltr'><strong>altera</strong></span> <span class='ocrx_word' id='word_1_35' title='bbox 507 570 634 624; x_wconf 88' lang='lat' dir='ltr'><strong>promere</strong></span> <span class='ocrx_word' id='word_1_36' title='bbox 652 553 755 608; x_wconf 82' lang='lat' dir='ltr'><strong>ferrum</strong></span> 
     </span>
    </p>

    <p class='ocr_par' dir='ltr' id='par_1_5' title="bbox 75 628 793 698">
     <span class='ocr_line' id='line_1_7' title="bbox 75 628 793 698; baseline -0.001 -14"><span class='ocrx_word' id='word_1_37' title='bbox 75 630 171 684; x_wconf 85' lang='lat' dir='ltr'><strong>Audet</strong></span> <span class='ocrx_word' id='word_1_38' title='bbox 190 632 219 684; x_wconf 94' lang='lat' dir='ltr'><strong>et</strong></span> <span class='ocrx_word' id='word_1_39' title='bbox 237 630 343 683; x_wconf 85' lang='lat' dir='ltr'><strong>infestis</strong></span> <span class='ocrx_word' id='word_1_40' title='bbox 364 646 483 698; x_wconf 86' lang='lat' dir='ltr'><strong>pugnam</strong></span> <span class='ocrx_word' id='word_1_41' title='bbox 505 630 659 684; x_wconf 87' lang='lat' dir='ltr'><strong>instaurare</strong></span> <span class='ocrx_word' id='word_1_42' title='bbox 678 628 793 697; x_wconf 79' lang='lat' dir='ltr'>sagittis,</span> 
     </span>
    </p>

    <p class='ocr_par' dir='ltr' id='par_1_6' title="bbox 74 705 924 852">
     <span class='ocr_line' id='line_1_8' title="bbox 74 705 924 776; baseline -0.004 -15"><span class='ocrx_word' id='word_1_43' title='bbox 74 706 163 776; x_wconf 74' lang='lat' dir='ltr'><strong>&#39;Perga</strong></span> <span class='ocrx_word' id='word_1_44' title='bbox 180 708 246 775; x_wconf 85' lang='lat' dir='ltr'><strong>fuga</strong></span> <span class='ocrx_word' id='word_1_45' title='bbox 264 707 346 761; x_wconf 89' lang='lat' dir='ltr'><strong>celeri</strong></span> <span class='ocrx_word' id='word_1_46' title='bbox 366 706 569 775; x_wconf 76' lang='lat' dir='ltr'><strong>praestantibus</strong></span> <span class='ocrx_word' id='word_1_47' title='bbox 588 706 721 774; x_wconf 91' lang='lat' dir='ltr'><strong>omnibus,</strong></span> <span class='ocrx_word' id='word_1_48' title='bbox 738 705 842 759; x_wconf 86' lang='lat' dir='ltr'><strong>instant</strong></span> <span class='ocrx_word' id='word_1_49' title='bbox 899 719 924 758; x_wconf 80' lang='lat' dir='ltr'><strong>rs</strong></span> 
     </span>
     <span class='ocr_line' id='line_1_9' title="bbox 75 782 775 852; baseline -0.004 -14"><span class='ocrx_word' id='word_1_50' title='bbox 75 783 129 849; x_wconf 83' lang='lat' dir='ltr'><strong>Qui</strong></span> <span class='ocrx_word' id='word_1_51' title='bbox 146 784 234 838; x_wconf 73' lang='lat' dir='ltr'><strong>vicina</strong></span> <span class='ocrx_word' id='word_1_52' title='bbox 252 784 344 837; x_wconf 92' lang='lat' dir='ltr'><strong>colunt</strong></span> <span class='ocrx_word' id='word_1_53' title='bbox 362 783 507 837; x_wconf 82' lang='lat' dir='ltr'><strong>umbrosae</strong></span> <span class='ocrx_word' id='word_1_54' title='bbox 526 783 643 851; x_wconf 82' lang='lat' dir='ltr'><strong>Tentyra</strong></span> <span class='ocrx_word' id='word_1_55' title='bbox 661 782 775 852; x_wconf 84' lang='lat' dir='ltr'><strong>palmae.</strong></span> 
     </span>
    </p>

    <p class='ocr_par' dir='ltr' id='par_1_7' title="bbox 72 858 925 1231">
     <span class='ocr_line' id='line_1_10' title="bbox 74 858 796 928; baseline -0.007 -13"><span class='ocrx_word' id='word_1_56' title='bbox 74 861 190 915; x_wconf 83' lang='lat' dir='ltr'><strong>Labitur</strong></span> <span class='ocrx_word' id='word_1_57' title='bbox 208 861 271 914; x_wconf 91' lang='lat' dir='ltr'><strong>hinc</strong></span> <span class='ocrx_word' id='word_1_58' title='bbox 290 860 401 928; x_wconf 90' lang='lat' dir='ltr'><strong>quidam</strong></span> <span class='ocrx_word' id='word_1_59' title='bbox 421 858 505 912; x_wconf 90' lang='lat' dir='ltr'><strong>nimia</strong></span> <span class='ocrx_word' id='word_1_60' title='bbox 522 858 668 912; x_wconf 81' lang='lat' dir='ltr'><strong>tormidine</strong></span> <span class='ocrx_word' id='word_1_61' title='bbox 687 874 796 911; x_wconf 89' lang='lat' dir='ltr'><strong>cursum</strong></span> 
     </span>
     <span class='ocr_line' id='line_1_11' title="bbox 75 934 923 1006; baseline -0.005 -14"><span class='ocrx_word' id='word_1_62' title='bbox 75 937 268 1006; x_wconf 90' lang='lat' dir='ltr'><strong>Praecipitans,</strong></span> <span class='ocrx_word' id='word_1_63' title='bbox 287 936 462 1006; x_wconf 78' lang='lat' dir='ltr'><strong>capiturque:</strong></span> <span class='ocrx_word' id='word_1_64' title='bbox 483 938 527 989; x_wconf 89' lang='lat' dir='ltr'><strong>ast</strong></span> <span class='ocrx_word' id='word_1_65' title='bbox 544 935 620 988; x_wconf 91' lang='lat' dir='ltr'><strong>illum</strong></span> <span class='ocrx_word' id='word_1_66' title='bbox 638 935 667 987; x_wconf 94' lang='lat' dir='ltr'><strong>in</strong></span> <span class='ocrx_word' id='word_1_67' title='bbox 685 934 923 1003; x_wconf 89' lang='lat' dir='ltr'><strong>plurimasectum</strong></span> 
     </span>
     <span class='ocr_line' id='line_1_12' title="bbox 73 1012 789 1084; baseline -0.007 -17"><span class='ocrx_word' id='word_1_68' title='bbox 73 1012 174 1068; x_wconf 80' lang='lat' dir='ltr'><strong>Frusta</strong></span> <span class='ocrx_word' id='word_1_69' title='bbox 193 1017 222 1068; x_wconf 91' lang='lat' dir='ltr'><strong>et</strong></span> <span class='ocrx_word' id='word_1_70' title='bbox 240 1013 397 1084; x_wconf 86' lang='lat' dir='ltr'><strong>particulas,</strong></span> <span class='ocrx_word' id='word_1_71' title='bbox 416 1016 448 1067; x_wconf 91' lang='lat' dir='ltr'><strong>ut</strong></span> <span class='ocrx_word' id='word_1_72' title='bbox 466 1012 559 1065; x_wconf 87' lang='lat' dir='ltr'><strong>multis</strong></span> <span class='ocrx_word' id='word_1_73' title='bbox 578 1014 701 1064; x_wconf 89' lang='lat' dir='ltr'><strong>mortuns</strong></span> <span class='ocrx_word' id='word_1_74' title='bbox 719 1025 789 1063; x_wconf 88' lang='lat' dir='ltr'><strong>unns</strong></span> 
     </span>
     <span class='ocr_line' id='line_1_13' title="bbox 74 1085 925 1154; baseline -0.004 -10"><span class='ocrx_word' id='word_1_75' title='bbox 74 1089 223 1154; x_wconf 65' lang='lat' dir='ltr'><strong>Sufficeret,</strong></span> <span class='ocrx_word' id='word_1_76' title='bbox 243 1094 332 1144; x_wconf 90' lang='lat' dir='ltr'><strong>totum</strong></span> <span class='ocrx_word' id='word_1_77' title='bbox 352 1089 467 1143; x_wconf 82' lang='lat' dir='ltr'><strong>corrosis</strong></span> <span class='ocrx_word' id='word_1_78' title='bbox 487 1085 592 1142; x_wconf 89' lang='lat' dir='ltr'><strong>ossibus</strong></span> <span class='ocrx_word' id='word_1_79' title='bbox 611 1087 670 1140; x_wconf 89' lang='lat' dir='ltr'><strong>edit</strong></span> <span class='ocrx_word' id='word_1_80' title='bbox 899 1101 925 1141; x_wconf 89' lang='lat' dir='ltr'><strong>so</strong></span> 
     </span>
     <span class='ocr_line' id='line_1_14' title="bbox 72 1162 717 1231; baseline -0.005 -12"><span class='ocrx_word' id='word_1_81' title='bbox 72 1165 181 1221; x_wconf 85' lang='lat' dir='ltr'><strong>Victrix</strong></span> <span class='ocrx_word' id='word_1_82' title='bbox 204 1167 301 1231; x_wconf 81' lang='lat' dir='ltr'><strong>turba3</strong></span> <span class='ocrx_word' id='word_1_83' title='bbox 319 1183 370 1220; x_wconf 88' lang='lat' dir='ltr'><strong>nec</strong></span> <span class='ocrx_word' id='word_1_84' title='bbox 390 1165 500 1220; x_wconf 75' lang='lat' dir='ltr'><strong>ardenti</strong></span> <span class='ocrx_word' id='word_1_85' title='bbox 518 1162 628 1218; x_wconf 82' lang='lat' dir='ltr'><strong>decoxit</strong></span> <span class='ocrx_word' id='word_1_86' title='bbox 649 1179 717 1216; x_wconf 91' lang='lat' dir='ltr'><strong>aeno</strong></span> 
     </span>
    </p>

    <p class='ocr_par' dir='ltr' id='par_1_8' title="bbox 74 1239 923 1388">
     <span class='ocr_line' id='line_1_15' title="bbox 74 1239 923 1311; baseline -0.004 -15"><span class='ocrx_word' id='word_1_87' title='bbox 74 1242 134 1296; x_wconf 84' lang='lat' dir='ltr'><strong>Aut</strong></span> <span class='ocrx_word' id='word_1_88' title='bbox 152 1243 285 1307; x_wconf 82' lang='lat' dir='ltr'><strong>verubus3</strong></span> <span class='ocrx_word' id='word_1_89' title='bbox 305 1243 415 1311; x_wconf 85' lang='lat' dir='ltr'><strong>longum</strong></span> <span class='ocrx_word' id='word_1_90' title='bbox 435 1240 611 1310; x_wconf 89' lang='lat' dir='ltr'><strong>usqueadeo</strong></span> <span class='ocrx_word' id='word_1_91' title='bbox 629 1240 795 1308; x_wconf 89' lang='lat' dir='ltr'><strong>tardumque</strong></span> <span class='ocrx_word' id='word_1_92' title='bbox 815 1239 923 1310; x_wconf 86' lang='lat' dir='ltr'><strong>putavit</strong></span> 
     </span>
     <span class='ocr_line' id='line_1_16' title="bbox 74 1316 751 1388; baseline 0 -16"><span class='ocrx_word' id='word_1_93' title='bbox 74 1319 240 1388; x_wconf 81' lang='lat' dir='ltr'><strong>Exspectare</strong></span> <span class='ocrx_word' id='word_1_94' title='bbox 258 1319 339 1386; x_wconf 87' lang='lat' dir='ltr'><strong>locos,</strong></span> <span class='ocrx_word' id='word_1_95' title='bbox 360 1322 488 1372; x_wconf 90' lang='lat' dir='ltr'><strong>contenta</strong></span> <span class='ocrx_word' id='word_1_96' title='bbox 507 1316 640 1371; x_wconf 85' lang='lat' dir='ltr'><strong>cadavere</strong></span> <span class='ocrx_word' id='word_1_97' title='bbox 659 1317 751 1372; x_wconf 91' lang='lat' dir='ltr'><strong>crudo.</strong></span> 
     </span>
    </p>

    <p class='ocr_par' dir='ltr' id='par_1_9' title="bbox 74 1393 796 1464">
     <span class='ocr_line' id='line_1_17' title="bbox 74 1393 796 1464; baseline -0.004 -16"><span class='ocrx_word' id='word_1_98' title='bbox 74 1393 128 1449; x_wconf 89' lang='lat' dir='ltr'><strong>Hic</strong></span> <span class='ocrx_word' id='word_1_99' title='bbox 146 1394 267 1463; x_wconf 85' lang='lat' dir='ltr'><strong>gaudere</strong></span> <span class='ocrx_word' id='word_1_100' title='bbox 288 1394 356 1449; x_wconf 88' lang='lat' dir='ltr'><strong>libet</strong></span> <span class='ocrx_word' id='word_1_101' title='bbox 375 1393 449 1464; x_wconf 88' lang='lat' dir='ltr'><strong>quod</strong></span> <span class='ocrx_word' id='word_1_102' title='bbox 467 1411 521 1448; x_wconf 88' lang='lat' dir='ltr'><strong>non</strong></span> <span class='ocrx_word' id='word_1_103' title='bbox 540 1393 680 1447; x_wconf 84' lang='lat' dir='ltr'><strong>violaverit</strong></span> <span class='ocrx_word' id='word_1_104' title='bbox 697 1393 796 1460; x_wconf 85' lang='lat' dir='ltr'><strong>ignem,</strong></span> 
     </span>
    </p>

    <p class='ocr_par' dir='ltr' id='par_1_10' title="bbox 74 1468 922 1614">
     <span class='ocr_line' id='line_1_18' title="bbox 74 1468 922 1539; baseline -0.005 -15"><span class='ocrx_word' id='word_1_105' title='bbox 74 1471 164 1536; x_wconf 84' lang='lat' dir='ltr'><strong>Quum</strong></span> <span class='ocrx_word' id='word_1_106' title='bbox 185 1487 290 1524; x_wconf 89' lang='lat' dir='ltr'><strong>summa</strong></span> <span class='ocrx_word' id='word_1_107' title='bbox 308 1471 376 1524; x_wconf 88' lang='lat' dir='ltr'><strong>caeli</strong></span> <span class='ocrx_word' id='word_1_108' title='bbox 395 1473 505 1538; x_wconf 90' lang='lat' dir='ltr'><strong>raptum</strong></span> <span class='ocrx_word' id='word_1_109' title='bbox 525 1469 560 1524; x_wconf 91' lang='lat' dir='ltr'><strong>de</strong></span> <span class='ocrx_word' id='word_1_110' title='bbox 579 1472 658 1539; x_wconf 87' lang='lat' dir='ltr'><strong>parte</strong></span> <span class='ocrx_word' id='word_1_111' title='bbox 678 1468 859 1524; x_wconf 83' lang='lat' dir='ltr'><strong>Prometheus</strong></span> <span class='ocrx_word' id='word_1_112' title='bbox 898 1482 922 1520; x_wconf 80' lang='grc'><strong>11</strong></span> 
     </span>
     <span class='ocr_line' id='line_1_19' title="bbox 74 1545 715 1614; baseline 0.002 -16"><span class='ocrx_word' id='word_1_113' title='bbox 74 1547 193 1599; x_wconf 84' lang='lat' dir='ltr'><strong>Donavit</strong></span> <span class='ocrx_word' id='word_1_114' title='bbox 211 1547 299 1600; x_wconf 86' lang='lat' dir='ltr'><strong>terris</strong></span> <span class='ocrx_word' id='word_1_115' title='bbox 336 1546 478 1600; x_wconf 82' lang='lat' dir='ltr'><strong>Elemento</strong></span> <span class='ocrx_word' id='word_1_116' title='bbox 497 1545 620 1614; x_wconf 80' lang='lat' dir='ltr'><strong>gratulor</strong></span> <span class='ocrx_word' id='word_1_117' title='bbox 638 1549 668 1599; x_wconf 88' lang='lat' dir='ltr'><strong>et</strong></span> <span class='ocrx_word' id='word_1_118' title='bbox 686 1549 715 1599; x_wconf 91' lang='lat' dir='ltr'><strong>te</strong></span> 
     </span>
    </p>

    <p class='ocr_par' dir='ltr' id='par_1_11' title="bbox 74 1621 750 1691">
     <span class='ocr_line' id='line_1_20' title="bbox 74 1621 750 1691; baseline 0.003 -17"><span class='ocrx_word' id='word_1_119' title='bbox 74 1621 218 1675; x_wconf 86' lang='lat' dir='ltr'><strong>lesultare</strong></span> <span class='ocrx_word' id='word_1_120' title='bbox 239 1639 308 1677; x_wconf 87' lang='lat' dir='ltr'><strong>reor.</strong></span> <span class='ocrx_word' id='word_1_121' title='bbox 347 1622 403 1676; x_wconf 80' lang='lat' dir='ltr'><strong>Sed</strong></span> <span class='ocrx_word' id='word_1_122' title='bbox 422 1623 469 1691; x_wconf 88' lang='lat' dir='ltr'><strong>qui</strong></span> <span class='ocrx_word' id='word_1_123' title='bbox 488 1622 615 1675; x_wconf 92' lang='lat' dir='ltr'><strong>mordere</strong></span> <span class='ocrx_word' id='word_1_124' title='bbox 633 1621 750 1676; x_wconf 83' lang='lat' dir='ltr'><strong>cadaver</strong></span> 
     </span>
    </p>

    <p class='ocr_par' dir='ltr' id='par_1_12' title="bbox 74 1697 805 1766">
     <span class='ocr_line' id='line_1_21' title="bbox 74 1697 805 1766; baseline 0.001 -14"><span class='ocrx_word' id='word_1_125' title='bbox 74 1697 208 1752; x_wconf 84' lang='lat' dir='ltr'><strong>Sustinuit</strong></span> <span class='ocrx_word' id='word_1_126' title='bbox 226 1698 264 1751; x_wconf 93' lang='lat' dir='ltr'><strong>nil</strong></span> <span class='ocrx_word' id='word_1_127' title='bbox 280 1715 400 1766; x_wconf 91' lang='lat' dir='ltr'><strong>unquam</strong></span> <span class='ocrx_word' id='word_1_128' title='bbox 420 1698 472 1751; x_wconf 87' lang='lat' dir='ltr'><strong>hac</strong></span> <span class='ocrx_word' id='word_1_129' title='bbox 490 1714 571 1752; x_wconf 89' lang='lat' dir='ltr'><strong>carne</strong></span> <span class='ocrx_word' id='word_1_130' title='bbox 590 1698 719 1751; x_wconf 91' lang='lat' dir='ltr'><strong>libentius</strong></span> <span class='ocrx_word' id='word_1_131' title='bbox 740 1697 805 1753; x_wconf 86' lang='lat' dir='ltr'><strong>edit.</strong></span> 
     </span>
    </p>

    <p class='ocr_par' dir='ltr' id='par_1_13' title="bbox 72 1772 922 1996">
     <span class='ocr_line' id='line_1_22' title="bbox 72 1772 828 1842; baseline 0 -15"><span class='ocrx_word' id='word_1_132' title='bbox 72 1772 146 1827; x_wconf 89' lang='lat' dir='ltr'><strong>Nam</strong></span> <span class='ocrx_word' id='word_1_133' title='bbox 163 1773 265 1828; x_wconf 89' lang='lat' dir='ltr'><strong>scelere</strong></span> <span class='ocrx_word' id='word_1_134' title='bbox 284 1774 312 1827; x_wconf 97' lang='lat' dir='ltr'><strong>in</strong></span> <span class='ocrx_word' id='word_1_135' title='bbox 331 1778 409 1829; x_wconf 89' lang='lat' dir='ltr'><strong>tanto</strong></span> <span class='ocrx_word' id='word_1_136' title='bbox 425 1791 460 1829; x_wconf 89' lang='lat' dir='ltr'><strong>ne</strong></span> <span class='ocrx_word' id='word_1_137' title='bbox 482 1791 597 1842; x_wconf 86' lang='lat' dir='ltr'><strong>quaeras</strong></span> <span class='ocrx_word' id='word_1_138' title='bbox 618 1778 647 1828; x_wconf 89' lang='grc'><strong>11</strong></span> <span class='ocrx_word' id='word_1_139' title='bbox 666 1773 775 1828; x_wconf 84' lang='lat' dir='ltr'><strong>dubites</strong></span> <span class='ocrx_word' id='word_1_140' title='bbox 794 1791 828 1828; x_wconf 91' lang='lat' dir='ltr'><strong>an</strong></span> 
     </span>
     <span class='ocr_line' id='line_1_23' title="bbox 73 1849 922 1919; baseline 0.001 -16"><span class='ocrx_word' id='word_1_141' title='bbox 73 1849 166 1904; x_wconf 89' lang='lat' dir='ltr'><strong>Prima</strong></span> <span class='ocrx_word' id='word_1_142' title='bbox 183 1850 352 1917; x_wconf 79' lang='lat' dir='ltr'><strong>voluptatem</strong></span> <span class='ocrx_word' id='word_1_143' title='bbox 370 1851 435 1919; x_wconf 85' lang='lat' dir='ltr'><strong>gula</strong></span> <span class='ocrx_word' id='word_1_144' title='bbox 454 1851 584 1915; x_wconf 88' lang='lat' dir='ltr'><strong>senserit;</strong></span> <span class='ocrx_word' id='word_1_145' title='bbox 604 1850 717 1905; x_wconf 82' lang='lat' dir='ltr'><strong>ultimus</strong></span> <span class='ocrx_word' id='word_1_146' title='bbox 736 1853 828 1904; x_wconf 90' lang='lat' dir='ltr'><strong>antem</strong></span> <span class='ocrx_word' id='word_1_147' title='bbox 897 1864 922 1904; x_wconf 86' lang='lat' dir='ltr'><strong>oo</strong></span> 
     </span>
     <span class='ocr_line' id='line_1_24' title="bbox 73 1925 772 1996; baseline 0.001 -17"><span class='ocrx_word' id='word_1_148' title='bbox 73 1925 126 1990; x_wconf 81' lang='lat' dir='ltr'><strong>Qui</strong></span> <span class='ocrx_word' id='word_1_149' title='bbox 145 1926 224 1979; x_wconf 92' lang='lat' dir='ltr'><strong>stetit</strong></span> <span class='ocrx_word' id='word_1_150' title='bbox 243 1927 369 1980; x_wconf 88' lang='lat' dir='ltr'><strong>absumto</strong></span> <span class='ocrx_word' id='word_1_151' title='bbox 384 1926 444 1995; x_wconf 88' lang='lat' dir='ltr'><strong>jam</strong></span> <span class='ocrx_word' id='word_1_152' title='bbox 463 1931 522 1981; x_wconf 92' lang='lat' dir='ltr'><strong>toto</strong></span> <span class='ocrx_word' id='word_1_153' title='bbox 542 1943 663 1996; x_wconf 86' lang='lat' dir='ltr'><strong>corpore,</strong></span> <span class='ocrx_word' id='word_1_154' title='bbox 683 1927 772 1980; x_wconf 88' lang='lat' dir='ltr'><strong>ductis</strong></span> 
     </span>
    </p>

    <p class='ocr_par' dir='ltr' id='par_1_14' title="bbox 71 2000 920 2377">
     <span class='ocr_line' id='line_1_25' title="bbox 73 2000 817 2072; baseline 0.004 -18"><span class='ocrx_word' id='word_1_155' title='bbox 73 2000 127 2056; x_wconf 89' lang='lat' dir='ltr'><strong>Per</strong></span> <span class='ocrx_word' id='word_1_156' title='bbox 145 2006 248 2056; x_wconf 88' lang='lat' dir='ltr'><strong>terram</strong></span> <span class='ocrx_word' id='word_1_157' title='bbox 269 2002 369 2071; x_wconf 84' lang='lat' dir='ltr'><strong>digitis,</strong></span> <span class='ocrx_word' id='word_1_158' title='bbox 388 2002 492 2070; x_wconf 88' lang='lat' dir='ltr'><strong>aliquid</strong></span> <span class='ocrx_word' id='word_1_159' title='bbox 512 2003 548 2056; x_wconf 95' lang='lat' dir='ltr'><strong>de</strong></span> <span class='ocrx_word' id='word_1_160' title='bbox 567 2004 697 2071; x_wconf 85' lang='lat' dir='ltr'><strong>sanguine</strong></span> <span class='ocrx_word' id='word_1_161' title='bbox 716 2006 817 2072; x_wconf 82' lang='lat' dir='ltr'><strong>gustat</strong></span> 
     </span>
     <span class='ocr_line' id='line_1_26' title="bbox 71 2077 819 2147; baseline 0.001 -16"><span class='ocrx_word' id='word_1_162' title='bbox 71 2077 216 2146; x_wconf 85' lang='lat' dir='ltr'><strong>Vascones,</strong></span> <span class='ocrx_word' id='word_1_163' title='bbox 235 2079 303 2134; x_wconf 89' lang='lat' dir='ltr'><strong>haec</strong></span> <span class='ocrx_word' id='word_1_164' title='bbox 320 2080 392 2133; x_wconf 84' lang='lat' dir='ltr'><strong>fama</strong></span> <span class='ocrx_word' id='word_1_165' title='bbox 412 2083 462 2147; x_wconf 91' lang='lat' dir='ltr'><strong>est,</strong></span> <span class='ocrx_word' id='word_1_166' title='bbox 481 2079 617 2133; x_wconf 87' lang='lat' dir='ltr'><strong>alimentis</strong></span> <span class='ocrx_word' id='word_1_167' title='bbox 636 2079 736 2133; x_wconf 88' lang='lat' dir='ltr'><strong>talibus</strong></span> <span class='ocrx_word' id='word_1_168' title='bbox 756 2079 819 2132; x_wconf 91' lang='lat' dir='ltr'><strong>olim</strong></span> 
     </span>
     <span class='ocr_line' id='line_1_27' title="bbox 73 2154 772 2223; baseline 0.001 -16"><span class='ocrx_word' id='word_1_169' title='bbox 73 2154 232 2210; x_wconf 85' lang='lat' dir='ltr'><strong>Prodnxere</strong></span> <span class='ocrx_word' id='word_1_170' title='bbox 251 2157 369 2221; x_wconf 75' lang='lat' dir='ltr'><strong>animas,</strong></span> <span class='ocrx_word' id='word_1_171' title='bbox 387 2155 436 2210; x_wconf 92' lang='grc'><strong>1111</strong></span> <span class='ocrx_word' id='word_1_172' title='bbox 454 2172 499 2210; x_wconf 90' lang='lat' dir='ltr'><strong>res</strong></span> <span class='ocrx_word' id='word_1_173' title='bbox 518 2156 632 2223; x_wconf 87' lang='lat' dir='ltr'><strong>diversa,</strong></span> <span class='ocrx_word' id='word_1_174' title='bbox 651 2155 701 2209; x_wconf 91' lang='lat' dir='ltr'><strong>sed</strong></span> <span class='ocrx_word' id='word_1_175' title='bbox 718 2154 772 2209; x_wconf 93' lang='lat' dir='ltr'><strong>illic</strong></span> 
     </span>
     <span class='ocr_line' id='line_1_28' title="bbox 72 2230 920 2302; baseline 0.001 -17"><span class='ocrx_word' id='word_1_176' title='bbox 72 2230 211 2286; x_wconf 80' lang='lat' dir='ltr'><strong>Fortunae</strong></span> <span class='ocrx_word' id='word_1_177' title='bbox 228 2232 331 2288; x_wconf 82' lang='lat' dir='ltr'><strong>invidia</strong></span> <span class='ocrx_word' id='word_1_178' title='bbox 348 2237 391 2286; x_wconf 89' lang='grc'><strong>111</strong></span> <span class='ocrx_word' id='word_1_179' title='bbox 408 2231 596 2302; x_wconf 88' lang='lat' dir='ltr'><strong>bellorumque</strong></span> <span class='ocrx_word' id='word_1_180' title='bbox 614 2231 717 2298; x_wconf 90' lang='lat' dir='ltr'><strong>ultima,</strong></span> <span class='ocrx_word' id='word_1_181' title='bbox 736 2247 815 2285; x_wconf 86' lang='lat' dir='ltr'><strong>casus</strong></span> <span class='ocrx_word' id='word_1_182' title='bbox 896 2247 920 2286; x_wconf 79' lang='lat' dir='ltr'><strong>at</strong></span> 
     </span>
     <span class='ocr_line' id='line_1_29' title="bbox 72 2308 698 2377; baseline -0.002 -15"><span class='ocrx_word' id='word_1_183' title='bbox 72 2309 205 2375; x_wconf 77' lang='lat' dir='ltr'><strong>Extremi,</strong></span> <span class='ocrx_word' id='word_1_184' title='bbox 224 2309 321 2377; x_wconf 86' lang='lat' dir='ltr'><strong>longae</strong></span> <span class='ocrx_word' id='word_1_185' title='bbox 339 2309 399 2363; x_wconf 89' lang='lat' dir='ltr'><strong>dira</strong></span> <span class='ocrx_word' id='word_1_186' title='bbox 417 2308 565 2363; x_wconf 91' lang='lat' dir='ltr'><strong>obsidionis</strong></span> <span class='ocrx_word' id='word_1_187' title='bbox 583 2311 698 2376; x_wconf 88' lang='lat' dir='ltr'><strong>egestas.</strong></span> 
     </span>
    </p>

    <p class='ocr_par' dir='ltr' id='par_1_15' title="bbox 71 2383 920 2836">
     <span class='ocr_line' id='line_1_30' title="bbox 72 2383 818 2454; baseline 0 -15"><span class='ocrx_word' id='word_1_188' title='bbox 72 2385 164 2454; x_wconf 90' lang='lat' dir='ltr'><strong>Hujus</strong></span> <span class='ocrx_word' id='word_1_189' title='bbox 181 2385 253 2439; x_wconf 91' lang='lat' dir='ltr'><strong>onim</strong></span> <span class='ocrx_word' id='word_1_190' title='bbox 271 2385 346 2454; x_wconf 94' lang='lat' dir='ltr'><strong>quod</strong></span> <span class='ocrx_word' id='word_1_191' title='bbox 363 2402 434 2439; x_wconf 90' lang='lat' dir='ltr'><strong>nunc</strong></span> <span class='ocrx_word' id='word_1_192' title='bbox 452 2386 542 2453; x_wconf 82' lang='lat' dir='ltr'><strong>agitur</strong></span> <span class='ocrx_word' id='word_1_193' title='bbox 560 2383 716 2438; x_wconf 90' lang='lat' dir='ltr'><strong>miserabile</strong></span> <span class='ocrx_word' id='word_1_194' title='bbox 734 2383 818 2439; x_wconf 87' lang='lat' dir='ltr'><strong>debet</strong></span> 
     </span>
     <span class='ocr_line' id='line_1_31' title="bbox 72 2460 851 2530; baseline -0.003 -15"><span class='ocrx_word' id='word_1_195' title='bbox 72 2461 235 2530; x_wconf 80' lang='lat' dir='ltr'><strong>Exemplum</strong></span> <span class='ocrx_word' id='word_1_196' title='bbox 253 2479 312 2516; x_wconf 88' lang='grc'><strong>1111</strong></span> <span class='ocrx_word' id='word_1_197' title='bbox 330 2461 398 2527; x_wconf 84' lang='grc'><strong>11111;</strong></span> <span class='ocrx_word' id='word_1_198' title='bbox 421 2461 590 2515; x_wconf 91' lang='lat' dir='ltr'><strong>sicutmodo</strong></span> <span class='ocrx_word' id='word_1_199' title='bbox 608 2460 684 2515; x_wconf 87' lang='lat' dir='ltr'><strong>dicta</strong></span> <span class='ocrx_word' id='word_1_200' title='bbox 700 2460 767 2513; x_wconf 92' lang='lat' dir='ltr'><strong>mihi</strong></span> <span class='ocrx_word' id='word_1_201' title='bbox 784 2477 851 2529; x_wconf 87' lang='lat' dir='ltr'><strong>gens</strong></span> 
     </span>
     <span class='ocr_line' id='line_1_32' title="bbox 72 2536 871 2606; baseline -0.004 -15"><span class='ocrx_word' id='word_1_202' title='bbox 72 2538 139 2593; x_wconf 90' lang='lat' dir='ltr'><strong>Post</strong></span> <span class='ocrx_word' id='word_1_203' title='bbox 156 2555 249 2592; x_wconf 89' lang='lat' dir='ltr'><strong>omnes</strong></span> <span class='ocrx_word' id='word_1_204' title='bbox 266 2538 372 2604; x_wconf 83' lang='lat' dir='ltr'><strong>herbas,</strong></span> <span class='ocrx_word' id='word_1_205' title='bbox 389 2541 452 2606; x_wconf 90' lang='lat' dir='ltr'><strong>post</strong></span> <span class='ocrx_word' id='word_1_206' title='bbox 469 2542 567 2592; x_wconf 86' lang='lat' dir='ltr'><strong>cuncta</strong></span> <span class='ocrx_word' id='word_1_207' title='bbox 585 2537 718 2604; x_wconf 85' lang='lat' dir='ltr'><strong>animalia,</strong></span> <span class='ocrx_word' id='word_1_208' title='bbox 738 2536 871 2605; x_wconf 92' lang='lat' dir='ltr'><strong>quidquid</strong></span> 
     </span>
     <span class='ocr_line' id='line_1_33' title="bbox 72 2613 920 2683; baseline -0.002 -14"><span class='ocrx_word' id='word_1_209' title='bbox 72 2614 195 2683; x_wconf 78' lang='lat' dir='ltr'><strong>Cogebat</strong></span> <span class='ocrx_word' id='word_1_210' title='bbox 212 2615 290 2668; x_wconf 84' lang='lat' dir='ltr'><strong>vacui</strong></span> <span class='ocrx_word' id='word_1_211' title='bbox 307 2615 412 2668; x_wconf 83' lang='lat' dir='ltr'><strong>ventris</strong></span> <span class='ocrx_word' id='word_1_212' title='bbox 429 2614 510 2679; x_wconf 83' lang='lat' dir='ltr'><strong>furor,</strong></span> <span class='ocrx_word' id='word_1_213' title='bbox 527 2613 651 2669; x_wconf 90' lang='lat' dir='ltr'><strong>hostibus</strong></span> <span class='ocrx_word' id='word_1_214' title='bbox 669 2613 735 2683; x_wconf 87' lang='lat' dir='ltr'><strong>ipsis</strong></span> <span class='ocrx_word' id='word_1_215' title='bbox 884 2625 920 2667; x_wconf 82' lang='lat' dir='ltr'><strong>roo</strong></span> 
     </span>
     <span class='ocr_line' id='line_1_34' title="bbox 72 2690 857 2755; baseline -0.001 -11"><span class='ocrx_word' id='word_1_216' title='bbox 72 2691 206 2746; x_wconf 86' lang='lat' dir='ltr'><strong>Pallorem</strong></span> <span class='ocrx_word' id='word_1_217' title='bbox 224 2708 256 2745; x_wconf 89' lang='lat' dir='ltr'><strong>ac</strong></span> <span class='ocrx_word' id='word_1_218' title='bbox 273 2691 387 2745; x_wconf 86' lang='lat' dir='ltr'><strong>maciem</strong></span> <span class='ocrx_word' id='word_1_219' title='bbox 404 2692 434 2744; x_wconf 91' lang='grc'><strong>11</strong></span> <span class='ocrx_word' id='word_1_220' title='bbox 451 2695 545 2744; x_wconf 89' lang='lat' dir='ltr'><strong>tenues</strong></span> <span class='ocrx_word' id='word_1_221' title='bbox 563 2690 756 2744; x_wconf 84' lang='lat' dir='ltr'><strong>miserantibus</strong></span> <span class='ocrx_word' id='word_1_222' title='bbox 773 2693 857 2755; x_wconf 90' lang='lat' dir='ltr'><strong>artus,</strong></span> 
     </span>
     <span class='ocr_line' id='line_1_35' title="bbox 71 2766 746 2836; baseline 0 -16"><span class='ocrx_word' id='word_1_223' title='bbox 71 2766 197 2821; x_wconf 90' lang='lat' dir='ltr'><strong>Membra</strong></span> <span class='ocrx_word' id='word_1_224' title='bbox 214 2768 302 2822; x_wconf 87' lang='lat' dir='ltr'><strong>aliena</strong></span> <span class='ocrx_word' id='word_1_225' title='bbox 318 2767 391 2820; x_wconf 84' lang='lat' dir='ltr'><strong>fame</strong></span> <span class='ocrx_word' id='word_1_226' title='bbox 406 2766 564 2820; x_wconf 86' lang='lat' dir='ltr'><strong>lacerabant</strong></span> <span class='ocrx_word' id='word_1_227' title='bbox 581 2781 640 2820; x_wconf 91' lang='lat' dir='ltr'><strong>esse</strong></span> <span class='ocrx_word' id='word_1_228' title='bbox 657 2766 746 2836; x_wconf 85' lang='lat' dir='ltr'><strong>parati</strong></span> 
     </span>
    </p>

    <p class='ocr_par' dir='ltr' id='par_1_16' title="bbox 71 2841 919 2987">
     <span class='ocr_line' id='line_1_36' title="bbox 71 2841 919 2910; baseline -0.002 -14"><span class='ocrx_word' id='word_1_229' title='bbox 71 2843 107 2898; x_wconf 86' lang='grc'><strong>111</strong></span> <span class='ocrx_word' id='word_1_230' title='bbox 118 2860 174 2899; x_wconf 85' lang='lat' dir='ltr'><strong>sna</strong></span> <span class='ocrx_word' id='word_1_231' title='bbox 205 2844 334 2909; x_wconf 83' lang='lat' dir='ltr'><strong>Quisnam</strong></span> <span class='ocrx_word' id='word_1_232' title='bbox 346 2843 484 2896; x_wconf 88' lang='lat' dir='ltr'><strong>hominurn</strong></span> <span class='ocrx_word' id='word_1_233' title='bbox 496 2843 601 2896; x_wconf 84' lang='lat' dir='ltr'><strong>veniam</strong></span> <span class='ocrx_word' id='word_1_234' title='bbox 613 2842 686 2909; x_wconf 87' lang='lat' dir='ltr'><strong>dare,</strong></span> <span class='ocrx_word' id='word_1_235' title='bbox 698 2842 794 2910; x_wconf 88' lang='lat' dir='ltr'><strong>quisve</strong></span> <span class='ocrx_word' id='word_1_236' title='bbox 805 2841 919 2896; x_wconf 90' lang='lat' dir='ltr'><strong>deornm</strong></span> 
     </span>
     <span class='ocr_line' id='line_1_37' title="bbox 71 2918 760 2987; baseline -0.003 -15"><span class='ocrx_word' id='word_1_237' title='bbox 71 2919 183 2975; x_wconf 87' lang='lat' dir='ltr'><strong>Viribus</strong></span> <span class='ocrx_word' id='word_1_238' title='bbox 200 2921 327 2974; x_wconf 90' lang='lat' dir='ltr'><strong>abnuerit</strong></span> <span class='ocrx_word' id='word_1_239' title='bbox 344 2920 405 2973; x_wconf 87' lang='lat' dir='ltr'><strong>dira</strong></span> <span class='ocrx_word' id='word_1_240' title='bbox 421 2922 504 2986; x_wconf 88' lang='lat' dir='ltr'><strong>atque</strong></span> <span class='ocrx_word' id='word_1_241' title='bbox 521 2918 650 2972; x_wconf 86' lang='lat' dir='ltr'><strong>immania</strong></span> <span class='ocrx_word' id='word_1_242' title='bbox 666 2918 760 2987; x_wconf 85' lang='lat' dir='ltr'><strong>possis,</strong></span> 
     </span>
    </p>

    <p class='ocr_par' dir='ltr' id='par_1_17' title="bbox 71 2993 918 3141">
     <span class='ocr_line' id='line_1_38' title="bbox 71 2993 918 3066; baseline -0.004 -16"><span class='ocrx_word' id='word_1_243' title='bbox 71 2995 109 3051; x_wconf 85' lang='grc'><strong>111</strong></span> <span class='ocrx_word' id='word_1_244' title='bbox 126 2996 224 3066; x_wconf 92' lang='lat' dir='ltr'><strong>quibus</strong></span> <span class='ocrx_word' id='word_1_245' title='bbox 241 2996 347 3050; x_wconf 86' lang='lat' dir='ltr'><strong>illorum</strong></span> <span class='ocrx_word' id='word_1_246' title='bbox 365 2996 495 3064; x_wconf 90' lang='lat' dir='ltr'><strong>poterant</strong></span> <span class='ocrx_word' id='word_1_247' title='bbox 512 2993 652 3062; x_wconf 80' lang='lat' dir='ltr'><strong>ignoscere</strong></span> <span class='ocrx_word' id='word_1_248' title='bbox 670 3009 765 3047; x_wconf 89' lang='lat' dir='ltr'><strong>manes</strong></span> <span class='ocrx_word' id='word_1_249' title='bbox 882 3005 918 3047; x_wconf 81' lang='lat'><strong>105</strong></span> 
     </span>
     <span class='ocr_line' id='line_1_39' title="bbox 72 3068 786 3141; baseline -0.004 -15"><span class='ocrx_word' id='word_1_250' title='bbox 72 3072 192 3138; x_wconf 86' lang='lat' dir='ltr'><strong>Quormn</strong></span> <span class='ocrx_word' id='word_1_251' title='bbox 210 3072 368 3141; x_wconf 85' lang='lat' dir='ltr'><strong>corporibus</strong></span> <span class='ocrx_word' id='word_1_252' title='bbox 384 3068 581 3126; x_wconf 86' lang='lat' dir='ltr'><strong>vescebanturl</strong></span> <span class='ocrx_word' id='word_1_253' title='bbox 615 3070 716 3125; x_wconf 89' lang='lat' dir='ltr'><strong>Melius</strong></span> <span class='ocrx_word' id='word_1_254' title='bbox 731 3085 786 3123; x_wconf 84' lang='lat' dir='ltr'><strong>nos</strong></span> 
     </span>
    </p>
   </div>
   <div class='ocr_carea' id='block_1_3' title="bbox 61 3135 957 3297">
    <p class='ocr_par' dir='ltr' id='par_1_18' title="bbox 61 3135 957 3297">
     <span class='ocr_line' id='line_1_40' title="bbox 70 3135 957 3218; baseline -0.017 -16"><span class='ocrx_word' id='word_1_255' title='bbox 70 3148 184 3202; x_wconf 81' lang='lat' dir='ltr'><strong>Zenonis</strong></span> <span class='ocrx_word' id='word_1_256' title='bbox 200 3152 351 3218; x_wconf 85' lang='lat' dir='ltr'><strong>praecepta</strong></span> <span class='ocrx_word' id='word_1_257' title='bbox 367 3152 498 3210; x_wconf 69' lang='lat' dir='ltr'><strong>monent,</strong></span> <span class='ocrx_word' id='word_1_258' title='bbox 513 3164 570 3203; x_wconf 85' lang='lat' dir='ltr'><strong>neo</strong></span> <span class='ocrx_word' id='word_1_259' title='bbox 586 3147 666 3202; x_wconf 75' lang='lat' dir='ltr'><strong>exirm</strong></span> <span class='ocrx_word' id='word_1_260' title='bbox 682 3143 793 3199; x_wconf 66' lang='lat' dir='ltr'><strong>omnia,</strong></span> <span class='ocrx_word' id='word_1_261' title='bbox 805 3135 957 3200; x_wconf 57' lang='lat' dir='ltr'><strong>ambr-w</strong></span> 
     </span>
     <span class='ocr_line' id='line_1_41' title="bbox 61 3209 829 3297; baseline -0.026 -19"><span class='ocrx_word' id='word_1_262' title='bbox 61 3222 118 3277; x_wconf 87' lang='lat' dir='ltr'><strong>Pro</strong></span> <span class='ocrx_word' id='word_1_263' title='bbox 136 3223 193 3279; x_wconf 80' lang='lat' dir='ltr'><strong>rita</strong></span> <span class='ocrx_word' id='word_1_264' title='bbox 208 3222 341 3280; x_wconf 79' lang='lat' dir='ltr'><strong>facienda</strong></span> <span class='ocrx_word' id='word_1_265' title='bbox 356 3229 453 3297; x_wconf 83' lang='lat' dir='ltr'><strong>putat.</strong></span> <span class='ocrx_word' id='word_1_266' title='bbox 491 3219 725 3282; x_wconf 67' lang='grc'><strong>1111111111</strong></span> <span class='ocrx_word' id='word_1_267' title='bbox 739 3209 829 3265; x_wconf 64' lang='lat' dir='ltr'><strong>onos</strong></span> 
     </span>
    </p>
   </div>
   <div class='ocr_carea' id='block_1_4' title="bbox 0 0 1024 3510">
    <p class='ocr_par' dir='ltr' id='par_1_19' title="bbox 0 0 1024 3510">
     <span class='ocr_line' id='line_1_42' title="bbox 0 0 1024 3510; baseline 0 1"><span class='ocrx_word' id='word_1_268' title='bbox 0 0 1024 3510; x_wconf 95' lang='lat' dir='ltr'><strong> </strong></span> 
     </span>
    </p>
   </div>
  </div>
 </body>
</html>
