2040 3510
113 165 159 213 110
380 163 412 210 A.
431 161 552 210 PERSII
570 161 699 210 FLAOCI

114 253 169 306 Sed
187 254 282 320 stupet
299 251 342 304 hic
360 249 436 318 sitio,
455 249 531 304 fibris
548 250 664 304 increvit
681 252 801 320 opimum

113 328 226 396 Pingue,
244 330 321 381 caret
337 326 424 394 culpa,
442 327 530 381 nescit
548 326 615 394 quid
633 326 740 395 perdat,
760 333 790 384 et
807 328 863 383 alto

112 405 258 458 Demersus
276 419 383 457 summa
399 419 492 456 rursus
510 419 564 456 non
581 402 663 457 bullit
680 404 709 456 in
726 405 807 459 unda

112 482 213 549 Magne
230 484 309 550 pater
326 479 427 546 divum,
445 495 539 533 saevos
557 480 654 547 punire
672 483 802 548 tyrannos

113 558 197 611 Haud
215 557 268 612 alia
285 556 391 610 ratione
409 556 483 624 velis,
501 573 563 609 cum
582 556 641 609 dira
659 556 743 611 libido

112 635 230 688 Moverit
248 633 385 701 ingenium
403 633 519 686 ferventi
537 631 623 686 tincta
640 651 756 688 veneno:

111 710 250 765 Virtutem
268 710 379 763 videant
396 709 623 777 intabescantque
641 708 745 764 relicta.

112 790 193 840 Anne
210 787 295 854 magis
313 786 395 839 Siculi
412 791 575 852 gemuerunt
593 801 656 839 aera
669 785 789 854 juvenci,

111 865 148 919 Et
164 864 250 931 magis
269 862 371 916 auratis
388 861 512 931 pendens
529 861 704 931 laquearibus
722 863 793 916 ensis
941 877 964 914 so

112 939 267 1009 Pmpureas
285 939 380 992 subter
397 939 516 992 cervices
534 937 641 1001 terruit,
660 937 764 1005 “Imus,

112 1016 188 1070 Imus
206 1015 391 1085 praecipites,”
409 1015 531 1083 quamsi
549 1014 600 1068 sibi
619 1015 701 1083 dicat,
720 1019 749 1070 et
766 1015 839 1068 intus

112 1092 217 1147 Palleat
234 1092 327 1145 infelix
348 1090 421 1159 quod
439 1091 564 1158 proxima
581 1091 685 1146 nesciat
703 1092 788 1144 uxorl

111 1169 199 1239 Saepe
216 1168 314 1233 oculos,
333 1168 451 1233 memini,
469 1167 616 1234 tangebam
632 1183 732 1235 parvus
750 1167 827 1234 olivo,

111 1245 233 1300 Grandia
250 1245 273 1299 si
291 1245 390 1298 nollem
409 1244 534 1297 morituri
552 1245 636 1297 verba
655 1242 767 1298 Catonis
937 1260 961 1298 45

110 1321 215 1389 Dicere,
233 1338 287 1375 non
305 1337 370 1374 sano
388 1320 503 1372 multum
521 1319 660 1373 laudanda
677 1320 815 1388 magistro,

111 1398 186 1463 Quae
203 1401 283 1467 pater
299 1396 425 1450 adductis
443 1395 545 1448 sudans
563 1397 672 1450 audiret
690 1396 788 1450 amicis.

109 1475 181 1528 dure
197 1475 298 1528 etenim
316 1474 346 1526 id
364 1488 507 1539 summum,
527 1471 594 1539 quid
613 1471 712 1525 dexter
728 1473 803 1525 senio
821 1473 906 1526 semet

109 1551 191 1619 Scire,
210 1556 270 1605 erat
287 1552 315 1603 in
333 1555 412 1615 voto;
436 1550 567 1603 damnosa
584 1548 706 1604 canicula
724 1553 856 1617 quantum

110 1627 246 1693 Raderet3
270 1631 401 1694 angustae
420 1625 488 1678 collo
506 1642 559 1679 non
577 1627 666 1680 fallier
684 1642 777 1691 orcae;
935 1641 960 1677 sn

109 1704 171 1757 Neu
188 1704 249 1773 quis
266 1703 389 1757 callidior
406 1703 510 1756 buxum
528 1706 657 1772 torquere
675 1703 787 1771 flagello.

109 1780 194 1833 Haud
210 1780 262 1833 tibi
280 1781 454 1847 inexpertum
472 1794 568 1831 curvos
586 1778 758 1847 deprendere
776 1796 870 1841 mores,

109 1856 239 1926 Quaeque
256 1857 339 1911 docet
356 1855 464 1924 sapiens
480 1854 617 1908 braccatis
634 1854 704 1909 illita
721 1854 813 1909 Medis

108 1933 240 2001 Porticus,
258 1933 389 1987 insomnis
406 1931 505 2001 quibus
523 1935 553 1985 et
570 1931 686 1986 detonsa
699 1931 831 2000 juventus

69 2060 72 2065 .
108 2009 243 2078 Invigilat,
261 2010 365 2076 siliquis
383 2011 412 2061 et
428 2007 527 2075 grandi
543 2011 624 2076 pasta
640 2008 752 2079 polenta
759 2028 766 2074 ;
935 2023 959 2061 ss

107 2085 143 2140 Et
161 2085 211 2139 tibi
229 2102 299 2154 quae
317 2085 421 2138 Samios
439 2084 550 2139 diduxit
567 2084 662 2138 littera
679 2101 756 2138 ramo

107 2161 268 2228 Surgentem
286 2160 386 2214 dextro
404 2161 566 2213 monstravit
583 2161 670 2214 limite
688 2161 798 2218 callem:

107 2236 206 2291 Stertis
223 2236 320 2303 adhue,
338 2236 486 2305 laxumque
504 2241 587 2305 caput
604 2253 734 2306 compage
753 2240 842 2292 soluta

106 2312 212 2368 Oscitat
229 2312 394 2379 hesternum,
412 2311 525 2366 dissutis
542 2312 664 2381 undique
681 2315 767 2370 malis.

105 2389 156 2443 Est
173 2389 277 2458 aliquid
294 2405 348 2456 quo
365 2387 457 2442 tendis
475 2389 550 2443 etin
568 2390 643 2458 quod
660 2390 756 2459 dirigis
775 2392 885 2445 arcuml
932 2407 956 2442 eo

106 2466 152 2518 An
169 2465 271 2536 passim
288 2465 410 2532 sequeris
427 2481 521 2519 corvos
539 2469 666 2535 testaque
683 2467 796 2537 lutoque

105 2541 222 2597 Securus
239 2558 292 2612 quo
309 2558 359 2611 pes
376 2542 455 2611 ferat,
473 2546 558 2612 atque
575 2560 609 2596 ex
628 2547 753 2612 tempore
771 2545 856 2601 vivisl

140 2619 318 2673 Helleborum
334 2617 436 2672 frustm
453 2636 514 2672 cum
529 2619 588 2688 jam
606 2621 676 2674 cutis
695 2638 776 2690 aegra
793 2621 911 2676 tumebit

105 2694 251 2750 Pascentes
268 2694 375 2749 videas:
398 2695 517 2749 venienti
536 2698 670 2751 occurrite
688 2699 796 2751 morbo:

105 2772 143 2826 Et
159 2771 226 2841 quid
244 2788 312 2841 opus
330 2773 445 2826 Cratero
463 2790 576 2841 magnos
593 2774 756 2843 promittere
773 2775 894 2829 montesl
929 2790 953 2828 as

105 2848 216 2914 Discite,
234 2848 260 2900 io
278 2847 377 2914 miseri,
395 2851 425 2902 et
442 2865 537 2904 causas
555 2852 709 2918 cognoscite
728 2868 826 2917 rerum,

105 2925 177 2989 Quid
193 2941 294 2992 sumus,
312 2928 360 2978 aut
376 2925 507 2993 quidnam
525 2927 623 2980 victuri
641 2927 792 2995 gignimur3
816 2926 884 2981 ordo

105 3000 170 3064 Quis
188 3000 277 3068 datus,
295 3003 325 3054 et
342 3007 432 3057 metae
448 3020 502 3072 qua
520 3003 607 3057 mollis
625 3005 710 3058 flexus
727 3008 757 3059 et
774 3003 863 3070 unde;

101 3077 170 3136 Quis
183 3076 283 3130 modus
300 3083 421 3146 argento,
440 3079 507 3149 quid
523 3080 564 3133 fas
579 3084 684 3150 optare,
702 3080 770 3148 quid
787 3097 868 3151 asper

81 3144 160 3195 Uale
176 3165 312 3205 nummus
328 3155 435 3223 babet,·
458 3158 570 3229 patriae
588 3159 717 3228 carisque
732 3158 895 3228 propinquis
929 3172 957 3210 m

60 3210 210 3272 omum
229 3223 353 3293 elargffl
371 3233 492 3304 doceam
520 3253 611 3306 quem
629 3240 660 3291 te
679 3236 760 3290 Deus
779 3249 840 3288 esse
