2040 3510
327 237 328 242 ,
407 189 540 237 SATIRA
558 187 635 236 XIV.
921 189 949 235 89

99 273 189 330 Nullis
206 276 264 330 visa
280 290 401 343 unquam
418 274 524 328 meritis
542 273 630 326 minor
648 276 697 329 aut
713 273 838 342 ingratae
916 288 951 326 res

99 349 186 406 Curta
203 351 273 405 fides
291 350 404 421 patriae.
440 348 588 403 Saturabat
604 348 716 416 glebula
732 349 796 402 talis

99 427 211 482 Patrem
228 428 317 497 ipsum
334 424 499 493 turbamque
516 441 603 491 casae,
621 441 676 493 qua
693 424 750 478 feta
763 423 876 492 jacebat

99 504 183 571 Uxor,
204 508 233 559 et
251 503 368 556 infantes
387 500 521 554 ludebant
539 504 663 569 quatuor,
680 517 751 554 uuus

99 581 229 647 Vernula,
246 583 304 633 tres
322 577 424 631 domini
433 597 440 643 ;
464 577 515 630 sed
532 577 637 644 magnis
654 577 786 631 fratribus
802 575 908 644 horum,

100 659 126 711 A
145 656 239 711 scrobe
256 655 300 708 vel
318 653 393 708 sulco
410 653 596 719 redeuntibus,
615 652 703 707 altera
720 669 803 707 coena
916 665 952 707 170

99 732 225 800 Amplior
243 733 272 784 et
289 729 408 797 grandes
426 727 569 784 fumabant
585 728 709 798 pultibus
727 729 802 782 ollae.

98 808 178 861 Nunc
195 806 292 859 modus
310 805 354 858 hic
372 806 431 873 agri
448 809 542 859 nostro
559 822 614 858 non
631 804 731 860 sufficit
748 804 835 859 borto.

99 882 170 935 Inde
186 883 244 934 fere
262 882 395 935 scelerum
414 898 528 947 causae,
548 897 599 935 neo
617 882 696 949 plura
713 897 817 936 venena

98 957 209 1010 Miscuit
227 960 276 1011 aut
293 958 366 1011 ferro
383 962 525 1026 grassatur
542 958 651 1026 saepius
669 957 754 1012 ullum

99 1030 244 1086 Humanae
262 1033 361 1088 mentis
380 1033 477 1088 vitium
494 1051 576 1102 quam
594 1049 676 1088 saeva
693 1035 792 1103 cupido
916 1048 951 1090 17⁵

98 1106 242 1163 Immodici
259 1126 371 1176 census;
394 1126 457 1163 nam
475 1109 552 1165 dives
571 1110 619 1181 qui
636 1110 697 1165 fieri
714 1111 781 1180 vult,

98 1183 135 1239 Et
152 1185 207 1240 cito
225 1186 285 1241 vult
301 1186 368 1241 lieri.
405 1186 461 1241 Sed
478 1204 549 1254 quae
566 1187 720 1242 reverentis
737 1189 837 1257 legum,

98 1261 164 1327 Quis
182 1267 272 1317 metus
289 1270 338 1318 aut
354 1263 445 1332 pudor
462 1268 505 1318 est
525 1281 645 1331 unquam
666 1265 838 1333 properantis
859 1267 951 1320 avaril

98 1339 213 1394 “Vivite
231 1343 355 1396 contenti
372 1340 470 1394 casulis
488 1344 517 1394 et
534 1341 649 1394 collibus
666 1341 735 1405 istis,

97 1413 121 1469 Ο
139 1415 245 1485 pueri‚”
262 1416 372 1471 Marsus
390 1415 501 1470 dicebat
519 1421 548 1469 et
567 1416 705 1470 Hernicus
724 1415 788 1471 olim
915 1431 952 1470 1so

95 1491 283 1560 Vestinusque
301 1509 399 1558 senex;
424 1492 543 1560 “panem
561 1509 725 1560 quaeramus
742 1497 836 1547 aratro

96 1566 150 1632 Qui
167 1568 235 1623 satis
252 1572 295 1622 est
313 1569 427 1624 mensis:
451 1567 566 1622 laudant
583 1568 634 1622 hoo
653 1569 764 1624 numina
781 1570 852 1623 ruris

97 1644 217 1710 Quorum
235 1663 288 1714 ope
305 1650 334 1701 et
351 1645 452 1700 auxilio
469 1649 566 1713 gratae
582 1650 646 1714 post
662 1662 762 1699 munus
780 1647 881 1701 aristae

96 1721 266 1791 Contingunt
282 1722 386 1776 homini
401 1722 502 1776 veteris
519 1721 631 1776 fastidia
648 1738 771 1792 quercus

95 1797 142 1853 Nil
160 1801 277 1852 vetitum
294 1798 391 1852 fecisse
408 1798 482 1851 volet
500 1814 582 1867 quem
599 1815 654 1854 non
672 1798 760 1867 pudet
777 1797 835 1853 alto
915 1813 951 1852 res

96 1875 150 1928 Per
167 1875 281 1943 glaciem
298 1890 402 1943 perone
419 1875 485 1943 tegi,
503 1874 550 1943 qui
569 1878 722 1930 summovet
739 1875 828 1929 Euros

97 1949 219 2005 Pellibus
237 1949 360 2003 inversis.
396 1949 545 2017 Peregrina
562 1950 712 2020 ignotaque
728 1950 808 2005 nobis

97 2027 145 2081 Ad
156 2028 244 2081 scelus
256 2031 340 2094 atque
350 2025 436 2091 nefas,
450 2040 627 2094 quaeeunque
639 2031 690 2094 est,
702 2043 823 2095 purpura
834 2025 917 2081 ducit.
924 2027 938 2053 ’¹

96 2102 174 2158 Haeo
189 2103 229 2157 illi
246 2107 354 2158 veteres
370 2103 519 2172 praecepta
537 2101 703 2156 minoribus:
728 2107 758 2157 at
774 2119 846 2158 nunc

96 2180 163 2235 Post
180 2180 262 2233 linem
281 2177 405 2233 autumni
422 2175 514 2230 media
532 2175 568 2230 de
585 2180 665 2233 nocte
683 2178 812 2248 supinum
866 2219 870 2227 .
915 2194 950 2234 reo

96 2256 236 2311 clamosus
249 2254 379 2323 juvenem
395 2256 478 2322 pater
494 2251 613 2308 excitat:
641 2254 762 2323 “Accipe
779 2271 864 2323 ceras,

95 2331 198 2400 Scribe,
216 2349 292 2400 puer,
310 2331 401 2399 vigila,
419 2345 515 2384 causas
532 2345 591 2398 age,
610 2331 720 2400 perlege
737 2331 835 2386 rubras

95 2408 232 2478 Majorum
250 2408 325 2475 leges
343 2410 391 2461 aut
408 2405 493 2460 vitem
510 2422 594 2474 posce
610 2406 708 2464 libello.

95 2483 151 2539 Sed
169 2488 252 2553 caput
269 2484 405 2538 intactum
422 2481 497 2537 buxo
515 2499 651 2552 naresque
668 2484 769 2553 pilosas

96 2563 219 2615 Annotet
237 2564 266 2614 et
282 2560 402 2627 mandes
419 2559 537 2613 miretur
554 2559 663 2614 Laelius
681 2561 744 2615 alas
915 2575 950 2614 rao

95 2637 181 2691 Dirue
198 2637 357 2691 Maurorum
374 2634 500 2703 attegias,
519 2635 633 2690 castella
650 2634 821 2706 Brigantum,

95 2713 136 2767 Ut
152 2713 317 2781 locupletem
335 2711 454 2779 aquilam
472 2710 525 2765 tibi
543 2711 730 2780 sexagesimus
746 2728 834 2767 annus

95 2789 214 2844 Afferat:
239 2791 288 2842 aut
305 2789 400 2856 longos
417 2789 571 2842 castrorum
588 2787 662 2843 ferre
679 2787 786 2842 labores

94 2865 124 2920 Si
142 2866 219 2935 piget
236 2868 265 2920 et
283 2863 420 2932 trepidum
439 2863 548 2918 solumt
564 2864 615 2919 tibi
632 2880 734 2918 cornua
750 2867 875 2920 ventrem

94 2942 163 2997 Cum
180 2942 256 2995 lituis
274 2940 376 3004 audita
392 2955 472 3008 pares
490 2940 566 3010 quod
582 2939 703 2994 vendere
722 2941 810 3008 possis
914 2955 949 2992 eoo

94 3017 185 3071 Pluris
203 3016 325 3086 dimidio,
342 3032 393 3071 nec
409 3018 442 3071 te
457 3016 576 3072 fastidia.
588 3015 697 3070 merois

90 3093 179 3149 Ullius
196 3095 321 3152 subeant
339 3092 522 3164 ablegandae
536 3091 672 3147 luseum
685 3086 785 3141 sitm

77 3168 144 3223 Neu
163 3172 267 3228 eredas
285 3172 463 3244 ponendum
480 3169 601 3241 aliquis
618 3139 933 3275 Wffifflfflss
943 3194 986 3229 xe

74 3244 236 3315 Unguenta
253 3257 286 3308 et
306 3253 438 3313 corium.
477 3245 580 3309 Lucri
589 3244 702 3300 bouus
719 3229 773 3280 2*
