2040 3510
392 182 528 233 SATIRA
543 182 623 233 VIII.
904 186 935 237 ta

83 272 164 340 Quod
182 272 206 327 si
224 271 404 342 praecipitem
422 271 496 339 rapit
514 270 627 326 ambitio
648 272 733 340 atque
752 271 845 337 libido,
900 288 935 328 aas

83 351 112 405 Si
131 350 233 417 frangis
252 350 341 416 virgas
358 347 491 401 sociomm
510 347 693 416 insanguine,
712 348 780 403 site

83 426 229 481 Delectant
247 425 362 480 hebetes
380 424 450 479 lasso
468 423 564 480 lictore
584 440 702 491 secures,

84 502 185 571 Incipit
202 501 324 570 ipsorum
343 503 486 556 contrata
506 504 581 555 stare
599 505 744 569 parentum

83 578 220 633 Nobilitas
239 577 395 646 claramque
412 575 501 631 facem
519 576 658 644 praeferre
676 577 820 645 pudendis

83 655 171 709 Omne
189 654 270 714 animi
292 653 389 708 vitium
408 656 486 708 tanto
505 653 676 720 conspectius
694 654 722 708 in
742 671 772 709 se
903 671 936 709 uo

83 731 193 786 Crimen
212 730 304 798 habet,
321 737 422 798 quanto
441 729 528 798 major
547 729 594 797 qui
614 733 708 797 peccat
726 730 851 786 habetur.

83 807 144 872 Quo
162 807 229 860 mihi
248 810 285 874 te,
304 806 414 861 solitum
432 805 515 861 falsas
533 805 641 872 signare
659 805 774 861 tabellas

84 885 118 937 ln
137 882 246 952 templis
264 899 336 952 quae
353 882 419 938 iecit
437 898 504 936 avus
523 885 697 949 statuamque
715 884 839 950 parentis

86 961 160 1013 Ante
183 959 394 1027 triumphalem?
418 974 481 1026 quo,
499 958 523 1010 si
542 961 690 1011 nocturnus
710 958 819 1014 adulter

83 1035 216 1104 Tempora
234 1035 379 1090 Santonico
398 1035 472 1090 velas
491 1033 624 1102 adoperta
642 1034 764 1090 cuculloi
901 1051 936 1088 las

119 1110 232 1165 Praeter
251 1111 385 1180 majorum
405 1112 510 1165 cineres
529 1113 613 1178 atque
632 1127 694 1166 ossa
711 1111 813 1166 volucri

84 1187 222 1256 Carpento
238 1189 344 1256 rapitur
361 1187 470 1257 pinguis
489 1187 648 1256 Lateranus,
667 1191 697 1242 et
715 1188 782 1257 ipse,

84 1264 149 1332 Ipse
166 1269 255 1319 rotam
274 1264 422 1332 adstringit
440 1262 527 1319 multo
545 1262 695 1319 sufflamine
715 1263 826 1328 Oonsuh

83 1340 173 1394 Nocte
193 1340 316 1407 quidem:
342 1341 391 1395 sed
409 1341 473 1394 luna
490 1339 575 1404 videt,
594 1340 644 1393 sed
658 1339 754 1409 sidera
772 1344 859 1395 testes

84 1415 238 1470 Intendunt
256 1417 354 1471 oculos.
391 1416 511 1474 Ninitum
529 1419 639 1485 tempus
660 1416 769 1471 honoris
900 1432 936 1469 au)

84 1491 282 1556 (imminerit,
300 1492 375 1546 clara
393 1491 545 1545 Lateranus
563 1491 623 1546 luce
642 1492 779 1560 flagellum

85 1567 182 1623 Sumet
200 1569 230 1621 et
248 1582 389 1620 occursum
408 1583 548 1635 nunquam
566 1566 717 1634 trepidabit
733 1568 812 1622 amici

84 1642 148 1695 ι11111
167 1643 294 1708 11111111
312 1642 389 1709 virga
406 1641 482 1710 prior
500 1647 601 1697 annuet
619 1647 704 1709 atque
721 1644 853 1712 maniplos

84 1717 178 1772 Solvet
198 1721 227 1771 et
246 1717 373 1773 infundet
389 1717 523 1786 jumentis
542 1717 645 1773 hordea
663 1718 748 1773 lassis.

85 1795 195 1849 interea
214 1793 279 1847 dum
297 1793 403 1848 lanatus
421 1797 584 1862 torvumque
598 1794 746 1862 juvencum
900 1813 936 1851 115

84 1877 162 1931 More
179 1877 287 1931 Numae
304 1877 396 1931 caedit
413 1877 491 1930 Jovis
507 1882 572 1930 ante
590 1877 694 1943 altaria,
709 1877 787 1945 jurat

83 1953 174 2007 Solam
193 1953 316 2022 Eponam
334 1957 364 2008 et
380 1953 554 2008 faciesolida
570 1953 607 2007 ad
624 1955 767 2022 praesepia
783 1954 877 2023 pictas.

83 2029 139 2083 Sed
156 2047 240 2098 quum
258 2029 403 2099 pervigiles
420 2029 511 2098 placet
528 2029 681 2084 instaurare
698 2032 819 2099 popinas,

83 2106 187 2159 Obvius
204 2105 313 2159 assiduo
332 2105 518 2175 Syrophoenix
536 2106 608 2159 udus
624 2121 731 2159 amomo

84 2181 185 2248 Omrit,
205 2182 353 2236 idumaeae
371 2182 558 2251 Syrophoenix
575 2181 664 2235 incola
680 2185 785 2250 portae,
902 2201 936 2237 rou

84 2257 210 2327 Hospitis
228 2259 327 2312 affectu
346 2258 485 2311 dominum
506 2274 653 2326 regemque
671 2258 779 2326 salutat,

83 2334 120 2388 lit
137 2351 198 2388 cum
215 2335 302 2388 venali
321 2334 411 2400 Cyane
427 2334 564 2387 succincta
581 2334 685 2402 lagena

118 2411 252 2465 Defensor
269 2409 364 2479 culpae
382 2409 456 2463 dicet
473 2409 548 2477 mihi,
568 2409 714 2464 “Fecimus
731 2414 761 2464 et
783 2428 834 2465 nos

85 2487 161 2541 Haec
174 2486 313 2555 juvenes.'’
348 2486 424 2542 histo.
459 2486 562 2540 Desisti
580 2502 686 2556 nempe,
704 2502 755 2540 nec
771 2488 845 2541 ultra

84 2564 188 2618 Novisti
206 2578 334 2616 errorem.
370 2562 459 2616 Breve
477 2562 522 2628 sit,
539 2563 614 2631 quod
630 2562 749 2630 turpiter
766 2563 866 2629 audes;
901 2582 936 2619 ros

84 2639 224 2706 Quaedam
243 2655 304 2693 cum
322 2638 411 2708 prima
428 2643 586 2692 resecentur
603 2639 716 2692 crimina
732 2639 836 2704 harba3
925 2661 936 2675 ⁴·

85 2715 202 2784 Indulge
218 2716 324 2769 veniam
342 2714 448 2783 pueris:
467 2714 620 2768 Lateranus
637 2715 674 2768 ad
690 2715 751 2768 illos

84 2791 261 2846 Thermarum
279 2790 375 2844 calices
392 2790 578 2860 inscriptaque
595 2791 679 2845 lintea
696 2790 775 2846 vadit

85 2867 211 2922 Maturus
229 2866 309 2931 bello,
329 2866 477 2920 Armeniae
495 2866 642 2934 Syriaeque
660 2866 771 2920 tuendis

86 2943 222 2996 Amnibus
238 2947 268 2996 et
286 2941 382 2995 Rheno
400 2945 484 3010 atque
502 2942 582 2996 Istro.
620 2943 763 2996 Praestare
781 2943 918 2998 Neronem

87 3019 217 3072 Securum
234 3018 308 3072 valet
325 3017 392 3072 haec
411 3021 495 3073 aetas.
532 3019 615 3073 Mitte
632 3019 709 3084 ostia,
730 3018 844 3084 Caesar„
901 3035 944 3069 111

85 3094 181 3149 Mitte:
201 3093 251 3148 sod
268 3093 296 3147 in
313 3109 414 3164 magna
430 3094 558 3165 legatum
574 3111 682 3164 quaere
696 3093 828 3159 popina,

79 3169 208 3224 Invenies
223 3169 319 3240 aliquo
337 3165 403 3228 cum
420 3189 593 3245 percussore
610 3170 777 3241 iacentem

69 3245 248 3302 Permixtum
265 3249 362 3306 nautis
381 3254 417 3308 11
432 3251 557 3310 iuribus
573 3267 611 3307 ac
627 3241 784 3316 iugithl'sss
