2040 3510
368 171 501 222 SATIRA
517 172 578 222 XV.
597 172 675 222 XVI.
913 174 942 224 97

95 260 212 318 Tantum
225 261 335 327 animas,
347 261 425 314 nobis
437 260 555 314 animum
569 277 685 329 quoque,
697 264 809 315 mutuus
820 264 853 315 ut
864 276 914 314 nos

95 339 219 394 Affectus
236 344 332 406 petere
349 337 479 389 auxilium
497 340 527 390 et
543 341 685 404 praestare
698 336 818 404 juberet,
908 352 943 390 150

94 415 239 485 Dispersos
256 413 367 468 trahere
383 413 411 465 in
429 413 566 481 populum,
583 413 701 482 migrare
717 417 827 467 vetusto

93 492 136 546 De
153 508 264 545 nemore
283 494 312 543 et
329 489 437 558 proavis
454 489 592 544 habitatas
609 491 733 558 linquere
750 490 839 555 silvas,

94 567 250 622 Aedificare
268 566 370 632 domos,
388 564 504 618 Laribus
522 565 686 634 conjungere
702 567 803 619 uostris

93 643 207 699 Tectum
226 642 301 696 aliud
319 645 396 696 tutos
415 641 503 695 vicino
521 642 613 696 limine
633 659 739 696 somnos

92 720 134 775 Ut
151 721 250 775 collata
267 720 348 773 daret
365 719 472 786 fiducia,
488 722 632 787 protegere
649 719 732 773 armis
907 735 942 775 1³5

92 797 213 866 Lapsum
230 801 279 851 aut
295 795 400 864 ingenti
417 799 559 849 nutantem
577 796 688 850 vnlnere
705 797 799 866 civem,

93 872 236 928 Communi
252 873 320 927 dare
338 873 415 940 signa
432 873 506 938 tuba,
525 872 667 926 defendier
683 873 771 927 isdem

93 948 224 1004 Turribus
241 954 324 1019 atque
341 966 396 1003 una
412 953 553 1018 portarum
572 949 647 1002 clave
664 950 761 1003 teneri.

93 1024 148 1079 Sed
161 1025 220 1094 jam
238 1029 397 1096 serpentum
414 1025 502 1094 major
519 1025 673 1079 concordia:
697 1027 785 1094 parcit

93 1102 221 1170 Cognatis
237 1103 348 1157 maculis
366 1103 459 1157 similis
477 1104 541 1157 sera
579 1101 693 1169 Quando
711 1102 781 1155 leoni
906 1117 940 1155 roo

92 1177 202 1232 Fortior
218 1180 320 1248 eripuit
336 1179 422 1233 vitam
439 1180 499 1234 leot
523 1196 577 1248 quo
594 1195 704 1232 nemore
722 1194 843 1247 unquam

91 1253 247 1323 Exspiravit
264 1272 330 1324 aper
347 1256 460 1325 majoris
477 1256 606 1310 dentibus
623 1256 698 1324 april

92 1330 186 1387 Iadica
203 1332 282 1401 tigris
299 1333 357 1400 agit
374 1332 471 1386 rabida
489 1349 550 1387 cum
568 1332 670 1400 tigride
687 1348 781 1400 pacem

91 1407 270 1477 Perpetuam3
294 1409 382 1462 saevis
398 1409 472 1462 inter
489 1425 519 1462 ss
537 1409 664 1462 convenit
680 1408 756 1462 ursis.

92 1484 146 1536 Ast
162 1484 264 1537 homini
281 1484 384 1537 sermm
401 1484 483 1538 letale
500 1484 601 1537 incude
617 1483 736 1537 nefanda
904 1499 938 1535 roa

92 1557 256 1612 Produxisse
268 1577 364 1628 parum
377 1564 426 1625 est,
445 1577 528 1628 quum
540 1564 629 1614 rastra
641 1563 670 1613 et
682 1559 787 1612 sarcula
798 1562 907 1613 tantum

91 1635 203 1688 Assuoti
221 1651 338 1703 coquere
357 1640 386 1690 et
403 1636 501 1689 marris
518 1652 550 1689 ac
567 1652 678 1689 vomere
695 1634 758 1689 lassi

90 1711 116 1763 N
117 1711 227 1766 escirint
244 1712 326 1780 primi
343 1712 447 1780 gladios
465 1711 616 1765 extendere
633 1712 711 1767 fabri.

90 1787 245 1856 Aspicimus
262 1788 375 1857 populos
393 1804 508 1858 quorum
525 1805 579 1840 non
597 1789 695 1842 sufficit
712 1789 769 1843 irae

90 1861 227 1916 Occidisse
245 1863 379 1932 aliquem3
402 1863 452 1918 sed
468 1869 586 1933 pectora
606 1864 723 1932 brachia,
742 1866 846 1919 vultum
901 1881 936 1920 17⁰

88 1937 264 1992 crediderint
280 1956 366 2008 genus
384 1957 444 1994 esse
462 1940 523 1995 cibi.
559 1939 632 2005 Quid
649 1941 753 1994 diceret
770 1958 843 2008 ergo,

87 2013 140 2068 Vel
158 2030 211 2084 quo
228 2032 282 2068 non
299 2016 415 2084 fugeret,
434 2016 457 2069 si
474 2033 545 2071 nunc
561 2017 628 2071 haec
645 2022 767 2071 monstra
784 2017 891 2072 videret

88 2091 261 2159 Pythagoras,
279 2092 384 2147 cunctis
400 2092 562 2147 animalibus
579 2093 712 2148 abstinuit
730 2095 777 2162 qui

86 2167 226 2234 Tanquam
237 2166 348 2223 homine
360 2171 390 2225 et
401 2170 490 2224 ventri
501 2170 615 2224 indulsit
626 2187 679 2223 non
691 2186 771 2226 omne
789 2170 933 2240 legumenl

396 2500 540 2556 SA'I'IRA
560 2501 638 2556 XVI.

83 2628 152 2694 Qurs
169 2645 314 2685 numerare
332 2633 415 2698 queat
432 2629 517 2684 felicis
534 2631 662 2698 praemia,
676 2631 762 2700 Galle,

81 2702 217 2758 Militiae?
255 2704 334 2768 Quod
352 2706 375 2758 si
392 2705 546 2759 subeuntur
563 2723 696 2776 prospera
713 2713 811 2773 castra,

81 2777 129 2832 Me
145 2779 276 2846 pavidum
295 2781 417 2851 excipiat
434 2783 551 2836 tironem
569 2788 650 2853 porta
666 2785 786 2838 secundo

80 2853 186 2911 Sidere.
223 2856 289 2910 Plus
306 2857 409 2911 etenim
427 2858 478 2911 fati
495 2858 569 2912 valet
586 2858 652 2914 hora
670 2860 788 2928 benigni,

81 2929 169 2995 Quam
187 2931 210 2986 si
228 2950 277 2987 nos
294 2933 411 2988 Veneris
429 2935 602 2989 commendet
620 2936 735 3005 epistola
752 2936 836 2990 Marti
919 2951 932 2991 5

80 3005 117 3061 Et
136 3006 228 3063 Samia
244 3010 365 3078 genitrix
384 3027 454 3079 quae
472 3011 625 3067 delectatur
642 3028 731 3066 arena.

114 3082 266 3139 Commoda
283 3091 433 3142 tractemus
450 3088 572 3158 primum
588 3088 767 3143 communia.
788 3100 916 3150 onom

79 3157 163 3214 Haud
180 3161 325 3220 minimum
342 3163 414 3221 illud
432 3167 500 3235 erit,
511 3183 551 3222 ne
566 3170 602 3221 ts
616 3165 739 3234 pulsare
754 3159 881 3221 &unffi

68 3233 197 3366 And53t3
221 3239 310 3298 immo
328 3243 387 3300 etsi
403 3243 544 3315 pulsetur
565 3238 752 3301 dissuadet,
764 3243 828 3282 m
921 3293 957 3329 E

166 3327 187 3367 r.
