2040 3510
91 167 122 216 80
327 164 360 213 Ι),
378 165 486 216 JUNII
502 165 712 217 JUV'ENALIS

87 251 234 324 Primaque
253 269 304 322 par
321 253 392 308 adeo
410 271 503 308 sacrae
524 255 625 323 lanugo
643 259 779 312 senectae!

85 329 166 384 Nunc
184 331 207 384 si
228 329 384 400 depositum
402 347 457 385 non
477 331 613 385 infitietur
631 333 740 398 amicus,
916 349 941 388 eo

85 405 115 461 Si
134 407 236 462 reddat
256 411 378 461 veterem
398 423 459 462 cnm
478 412 539 462 tota
556 408 686 476 aerugine
702 408 802 476 follem,

86 483 246 553 Prodigiosa
265 484 333 537 tides
351 487 382 538 et
402 485 494 539 Tuscis
513 484 597 553 digna
614 484 721 552 libellis,

86 560 217 629 Quaeque
235 565 365 615 coronata
383 560 496 614 lustrari
514 560 617 614 debeat
638 578 714 629 agna

85 635 233 705 Egregium
254 641 432 706 sanctumque
451 638 538 691 virum
559 643 583 691 si
601 654 691 704 cerno,
708 637 853 692 bimembri

85 711 147 767 Hoc
165 717 317 768 monstrum
337 729 423 784 puero
441 717 489 768 aut
507 713 619 767 miranti
637 713 688 768 sub
707 718 799 768 aratro
913 729 937 768 es

85 788 208 843 Piscibus
228 790 347 844 inventis
367 792 396 844 ct
416 791 489 845 fetae
507 807 636 860 comparo
656 791 754 855 mulae,

84 864 222 920 Sollicitus
241 869 372 936 tanquam
391 866 497 936 lapides
515 866 645 921 effuderit
665 866 754 922 imber

84 941 261 1011 liramenque
282 943 374 1016 apium
392 943 474 1011 longa
492 942 648 997 consederit
668 959 721 997 uva

85 1016 209 1074 Culmine
229 1019 345 1087 delubri,
365 1024 496 1089 tanquam
514 1020 543 1072 iu
565 1035 641 1073 mare
660 1019 772 1074 imerii
790 1021 878 1075 amnis

85 1094 246 1163 Gurgitibus
265 1096 340 1149 miris
359 1099 389 1150 et
407 1096 487 1150 lactis
506 1096 610 1149 vertice
628 1098 743 1150 torrens.
910 1114 936 1152 re

119 1171 278 1242 Intercepta
298 1172 394 1227 decem
413 1172 534 1238 quereris
555 1173 682 1226 sestertia
702 1172 801 1227 hande

84 1247 238 1317 Sacrilegal
274 1248 347 1315 Quid
365 1248 388 1301 si
405 1247 448 1301 bis
466 1251 576 1301 centum
596 1247 718 1316 perdidit
737 1249 808 1302 alter

85 1323 147 1378 Hoc
164 1341 263 1380 arcana
279 1323 377 1378 model
401 1323 534 1392 majorem
553 1324 651 1377 tertius
668 1323 717 1377 illa
825 1392 827 1397 .

84 1399 229 1464 Summam,
248 1417 329 1469 quam
347 1400 457 1469 patulae
475 1400 521 1453 vir
540 1401 652 1469 ceperat
669 1399 784 1467 angulus
802 1402 899 1454 areael

83 1476 150 1530 'lam
161 1477 241 1531 facile
253 1482 282 1531 et
295 1493 410 1546 pronum
422 1479 465 1530 est
477 1491 588 1545 superes
600 1479 772 1530 contemmere
784 1479 877 1544 testes,
908 1490 933 1531 re

85 1552 251 1606 simoneis
270 1553 344 1608 idem
363 1568 443 1606 nemo
463 1551 544 1606 sciat!
582 1552 683 1621 Aspice
702 1556 805 1619 quanta

84 1629 158 1683 Voce
176 1633 265 1697 neget,
283 1629 406 1698 quaesit
426 1628 484 1683 licti
501 1628 654 1691 constantia
671 1628 769 1682 vultus.

85 1705 138 1759 Per
157 1704 226 1759 Solis
245 1706 335 1759 radios
353 1705 523 1774 Tarpeiaque
543 1704 657 1758 fulmina
671 1704 750 1773 jurat

84 1782 121 1834 lit
140 1782 237 1835 Martis
254 1781 385 1835 frameam
404 1785 433 1835 et
453 1779 576 1834 Cirrhaei
594 1781 695 1850 spicula
714 1781 791 1848 ratis,

83 1857 137 1910 Per
156 1857 272 1911 calamos
291 1856 436 1910 venatricis
453 1856 665 1925 pharetramque
684 1856 797 1924 puellae,
907 1871 932 1910 sc

83 1932 190 2002 Perque
209 1937 294 2000 tuum,
313 1936 394 2002 pater
415 1932 518 2000 Aegaei
539 1932 676 2001 Neptune,
695 1933 857 1996 tridentem3

83 2009 172 2063 Addit
191 2012 220 2062 ct
237 2008 386 2063 Herculeos
405 2024 484 2061 arcus
501 2007 663 2075 hastamque
684 2008 830 2074 Minervae,

83 2084 222 2152 Quidquid
241 2084 344 2138 habent
362 2083 479 2138 telorum
500 2083 709 2137 armamentaria
726 2082 801 2136 caeli.

82 2160 111 2214 Si
129 2176 193 2214 vere
212 2163 241 2213 et
259 2164 339 2228 pater
356 2162 406 2227 est,
423 2157 612 2223 “Comedam,”
633 2158 729 2226 inquit,
750 2156 860 2212 “flebile
871 2159 930 2213 nati

82 2235 205 2303 Sinciput
224 2235 287 2289 elixi
305 2235 458 2304 Pharioque
477 2234 613 2287 madentis
630 2235 731 2288 acete.'¹
904 2249 930 2289 ss

114 2311 185 2366 Sunt
202 2311 230 2365 in
251 2311 389 2366 Fortunae
406 2311 453 2380 qui
471 2309 578 2364 casibus
595 2310 685 2364 omnia
700 2312 806 2379 ponunt

80 2389 116 2443 Εἰ
134 2388 207 2441 nulle
228 2387 345 2442 credunt
362 2387 495 2440 mundum
510 2389 618 2440 rectore
635 2387 747 2454 moveri,

79 2464 186 2519 Natura
206 2463 332 2518 volvente
351 2463 424 2518 vices
444 2466 473 2517 et
490 2461 558 2516 lucis
579 2465 608 2516 et
628 2463 700 2533 anni,

79 2543 174 2610 Atque
192 2539 256 2595 ideo
277 2540 407 2608 intrepidi
426 2554 602 2608 quaecunque
619 2540 717 2594 altaria
735 2543 858 2610 tangunt

79 2617 128 2672 Est
146 2617 216 2672 alins
235 2623 360 2672 metuens
378 2632 413 2670 ne
432 2617 535 2670 crimen
555 2615 646 2670 Poena
667 2621 812 2686 sequatur;
901 2628 928 2668 aa

80 2693 133 2748 Hic
151 2696 232 2764 putat
250 2709 310 2748 esse
331 2693 398 2747 deos
417 2695 446 2746 et
469 2691 584 2761 pejerat,
602 2695 687 2762 atque
705 2694 745 2748 ita
763 2706 869 2756 secum3

79 2768 234 2825 “Decernat
254 2769 434 2839 quodcunque
453 2768 526 2823 volet
545 2767 580 2822 de
601 2784 713 2838 corpore
733 2771 824 2822 nostre

78 2845 130 2900 Isis
149 2850 178 2901 et
197 2847 267 2901 irato
287 2847 368 2901 feriat
387 2862 448 2900 mea
468 2845 571 2899 lumina
589 2845 677 2911 sistro,

76 2921 231 2977 Dummodo
250 2923 294 2977 vel
314 2939 410 2977 caecus
430 2926 540 2976 teneam
558 2938 626 2991 quos
645 2922 751 2989 abnego
768 2933 901 2974 nummos.

77 2998 113 3053 llt
131 2998 250 3070 phthisis
269 3004 299 3054 et
318 3000 439 3053 vomicae
460 3000 556 3068 putres
576 3001 605 3051 et
624 2996 768 3050 dimidlum
783 3011 846 3050 crus
902 3009 927 3050 cs

164 3076 241 3129 tanti.
277 3076 389 3145 Pauper
403 3073 566 3143 locupletem
585 3077 681 3143 optare
698 3072 849 3142 podagram

60 3072 249 3296 migitet
268 3151 370 3220 Ladas
393 3152 419 3206 si
441 3168 497 3207 non
517 3155 584 3220 eget
606 3150 739 3220 Antiopa
753 3165 808 3204 nee

185 3232 208 3272 st
251 3224 331 3291 Quid
353 3227 433 3286 enim
456 3227 563 3286 velocis
583 3227 678 3299 gloria
697 3227 815 3298 plantae
