2040 3510
67 193 100 241 33
307 189 338 237 D.
356 188 462 238 JUNII
478 188 497 238 J
499 188 688 238 UVENALIS

69 278 187 334 Dicendi
203 294 297 347 genus,
316 281 363 332 aut
381 272 489 332 eurtum
506 294 633 332 sermone
650 282 741 334 rotato

69 357 206 424 Torqueat
224 354 404 422 enthymema,
421 371 472 408 nec
490 354 619 408 historias
638 356 706 410 sciat
724 374 834 414 omncs:
884 370 921 411 aso

70 433 125 487 Sed
144 431 278 500 quaedam
297 448 331 484 ex
348 429 426 484 libris
444 433 473 484 ct
491 447 545 484 non
563 431 708 500 intelligat.
744 433 798 487 Odi

69 509 149 563 Hanc
167 525 225 576 ego,
244 523 314 575 quae
331 506 433 575 repetit
451 507 589 576 volvitque
608 509 778 563 Palaemonis
795 513 892 572 artem,

70 587 184 640 Servata
202 599 310 652 semper
326 583 387 651 lege
404 586 433 637 et
451 584 555 638 ratione
573 584 708 654 loquendi,

70 662 238 730 ignotosque
255 659 322 712 mihi
340 663 418 713 tenet
436 660 589 727 antiquaria
611 678 712 731 versus,

70 739 128 792 Nec
146 735 265 790 curanda
283 736 346 789 viris
364 736 457 805 opicae
475 737 591 806 castigat
609 738 711 792 amicae
884 752 920 790 sss

69 813 169 867 Verba.
208 812 401 866 soloecismum
418 813 500 867 liceat
517 814 614 868 fecisse
631 815 736 868 marito.

103 889 149 942 Nil
167 905 221 942 non
239 888 374 957 permittit
390 889 488 943 mulier
506 889 564 958 sibi,
581 893 663 960 turpe
680 895 760 959 putat
777 891 823 956 nil,

70 966 159 1030 Quum
177 964 278 1019 virides
296 981 416 1033 gemmas
434 966 502 1019 eollo
521 966 702 1021 circumdedit
720 971 749 1021 et
767 983 851 1036 quum

70 1041 192 1096 Auribus
210 1042 328 1095 extentis
346 1058 458 1109 magnos
476 1043 611 1096 commisit
629 1042 760 1098 elenchos.

70 1118 273 1172 Intolerabilius
291 1117 358 1171 nihil
377 1122 420 1171 est
438 1135 519 1186 qnam
536 1119 638 1172 femina
661 1119 744 1174 dives.
885 1132 920 1171 roo

69 1195 180 1248 Interea
197 1194 279 1247 foeda
296 1197 407 1262 aspectu
425 1194 595 1262 ridendaque
613 1195 699 1249 multo

69 1270 144 1324 Pane
162 1274 251 1324 tumet
267 1271 357 1338 facies,
377 1275 424 1324 aut
440 1270 553 1338 pinguia
571 1271 731 1339 Poppaeana

68 1346 167 1415 Spirat,
186 1350 216 1400 et
232 1346 297 1400 hinc
313 1347 405 1400 miseri
423 1347 561 1399 viscantur
578 1345 654 1400 labra
671 1347 770 1401 mariti.

68 1422 117 1476 Ad
134 1423 277 1477 moechum
295 1423 386 1476 veniet
404 1423 460 1476 lota
477 1425 546 1476 cute.
583 1422 697 1487 Quando
714 1423 801 1478 videri

68 1500 137 1554 Vult
154 1500 273 1553 formosa
290 1499 382 1552 domii
401 1499 520 1553 moechis
537 1499 632 1553 foliata
648 1504 794 1568 parantur;
883 1515 919 1554 445

69 1575 122 1629 His
142 1575 243 1629 emitur
261 1574 395 1643 quidquid
413 1575 527 1644 graciles
545 1575 598 1629 huc
616 1577 726 1630 mittitis
745 1576 815 1630 lndi.

68 1652 190 1706 'landem
208 1651 297 1720 aperit
316 1652 420 1705 vultum
438 1655 467 1706 et
484 1652 600 1707 tectoria
616 1652 705 1722 prima
727 1653 849 1721 reponit:

68 1728 169 1798 Incipit
186 1729 303 1797 agnosci,
322 1731 406 1797 atque
423 1729 470 1782 illo
487 1728 558 1782 laete
574 1729 683 1782 fovetur

69 1805 185 1873 Propter
203 1805 277 1873 quod
296 1822 387 1858 seeum
405 1805 519 1859 comites
536 1805 628 1860 educit
646 1805 751 1874 asellas,

68 1881 152 1935 Exsul
168 1881 375 1950 Hyperboreum
395 1882 419 1934 si
436 1881 593 1935 dimittatur
610 1881 647 1934 ad
663 1898 751 1937 axem.
881 1896 916 1936 470

68 1957 123 2010 Sed
140 1975 211 2026 quac
227 1958 340 2012 mutatis
358 1957 497 2011 inducitur
514 1961 597 2026 atque
614 1957 721 2011 fovetur

66 2035 120 2089 Tot
140 2034 365 2089 medicaminibus
383 2038 530 2102 coctaeque
548 2034 661 2100 siliginis
680 2035 746 2089 offas

68 2112 178 2180 Accipit
196 2113 225 2165 et
242 2110 376 2178 madidae,
395 2111 477 2163 facies
494 2109 602 2163 dicetur
619 2126 653 2162 an
671 2110 765 2165 ulcusi

103 2189 153 2241 llst
170 2187 289 2256 pretinm
307 2203 387 2240 curae
404 2186 514 2254 penitus
532 2202 695 2253 cognoscere
711 2189 771 2241 toto
853 2243 855 2248 .

68 2264 140 2330 Quid
157 2264 259 2317 faciant
276 2263 437 2331 agitentque
454 2261 507 2316 die.
544 2261 572 2315 Si
589 2266 669 2316 nocte
686 2262 800 2316 maritus
883 2278 919 2318 475

68 2342 189 2394 Aversus
202 2339 292 2408 jacuit
308 2338 391 2408 periit
408 2338 525 2405 libraria,
544 2343 649 2408 ponunt

68 2416 211 2470 Oosmotae
227 2417 342 2482 tunicas,
360 2414 441 2469 tarde
458 2416 564 2468 venisse
582 2414 718 2470 Liburnus

67 2493 175 2546 Dicitur
193 2496 223 2545 et
240 2508 341 2560 poenas
359 2491 440 2544 alieni
458 2491 581 2560 pendere
598 2492 685 2545 somni

68 2568 193 2637 Cogitur:
212 2567 256 2621 hic
273 2567 377 2635 frangit
394 2567 502 2634 ferulas,
520 2567 602 2621 rubet
619 2567 666 2622 ille
684 2568 799 2636 flagello,

67 2644 121 2697 Hic
139 2644 252 2698 scutica:
272 2647 336 2698 snnt
353 2661 424 2712 quae
441 2643 591 2697 tortoribus
611 2660 700 2697 annua
717 2644 918 2711 praestentur

67 2721 205 2774 Verberat
223 2725 308 2789 atque
326 2720 415 2774 obiter
431 2720 531 2774 faeiem
548 2720 618 2788 linit,
636 2719 714 2774 audit
731 2718 839 2784 amicas,

67 2800 127 2851 Aut
144 2797 229 2850 latum
247 2799 339 2867 pictae
356 2797 441 2851 vestis
459 2797 614 2851 considerat
631 2813 737 2862 aurum,

67 2873 104 2926 ut
121 2873 225 2939 caedit3
242 2874 316 2942 longi
334 2873 433 2942 relegit
449 2877 604 2928 transversa
623 2871 720 2938 diurni,

66 2951 103 3004 Et
123 2949 213 3003 caedit
231 2951 324 3018 donec,
336 2950 414 3004 lassis
431 2949 615 3014 caedentibus,
635 2946 744 3000 “Exi!'’

67 3026 179 3080 intonet
197 3026 362 3081 horrendum
376 3026 436 3095 jam
453 3025 605 3094 cognitione
622 3025 740 3092 peracta
881 3036 919 3076 sss

51 3101 236 3154 Praefectura
255 3103 355 3156 domus
371 3103 463 3157 Sicula
479 3118 534 3156 non
551 3101 645 3155 mitior
661 3099 730 3153 aula.

29 3164 159 3249 Memfi
173 3177 326 3230 constituit
343 3179 484 3248 solitoque
503 3177 650 3234 decentius
671 3178 750 3246 optat

20 3226 122 3287 Omen
141 3248 177 3296 ⁶5
187 3257 340 3320 proporat
351 3255 479 3328 Jamque
500 3259 691 3332 exspectatur
707 3253 740 3309 in
753 3251 851 3307 bortis
