2040 3510
386 185 519 234 SATIRA
536 185 557 235 Ι,
576 185 615 236 ΙΙ.

77 274 221 345 Ingenium
237 290 289 345 par
306 274 455 329 materiae?
472 274 546 329 unde
563 275 610 328 illa
627 275 749 345 priorum

77 352 218 408 Scribendi
235 351 419 420 quodcunque
434 352 524 405 animo
541 352 675 420 flagrante
691 353 789 407 liberet

77 429 250 499 Simplicitas,
267 429 346 498 cujus
361 445 416 482 non
433 430 522 483 audeo
540 429 632 483 dicere
648 431 766 484 nomenl

77 507 151 573 Quid
168 507 253 561 refert
270 507 353 560 dictis
369 506 493 575 ignoscat
510 506 618 560 Mucius
634 523 669 560 an
686 507 758 562 nont
829 545 832 551 ·

77 584 152 639 Pone
170 581 564 653 Γ111111111111111111111111
582 583 610 635 in
628 582 675 636 illa
893 598 930 639 15⁵

77 660 137 727 Qua
154 664 259 714 stantes
276 659 376 714 ardent
394 658 441 727 qui
459 659 514 711 fixo
531 661 645 726 gutture
661 658 775 729 fumant,

77 737 114 791 Et
130 737 218 791 latum
236 736 326 790 media
344 735 449 789 sulcum
466 733 578 788 deducis
596 751 687 789 arena

77 815 130 878 Qui
148 814 228 868 dedit
246 830 311 882 ergo
328 812 417 867 tribus
434 812 540 881 patruis
557 812 664 865 aconita
681 813 798 867 vehatur
867 826 870 829 ’

77 890 231 944 Pensilibus
248 890 355 958 plumis,
373 892 457 957 atque
474 887 547 941 illinc
564 887 698 956 despiciat
715 891 781 944 nosl

77 968 167 1032 Quum
184 967 275 1020 veniet
293 969 388 1020 contra
405 965 492 1033 digito
510 979 651 1033 compesce
669 964 812 1020 labellum:
892 984 928 1023 100

77 1045 230 1097 Accusator
246 1043 300 1098 erit
317 1043 364 1112 qui
382 1042 496 1096 verbum
514 1041 624 1108 dixerit,
644 1041 700 1095 Hic
716 1045 766 1098 est.

76 1119 192 1173 Securus
209 1119 274 1174 licet
292 1121 416 1174 Aeneam
435 1118 622 1187 Rutulumque
639 1118 757 1172 ferocem

77 1195 250 1250 Committas:
268 1196 334 1250 nulli
351 1195 442 1264 gravis
459 1199 502 1250 est
519 1211 665 1265 percussus
684 1195 812 1265 Achilles,

77 1273 137 1327 Aut
152 1273 270 1326 multum
288 1273 428 1342 quaesitus
446 1272 534 1341 Hylas
551 1287 703 1340 urnamque
720 1277 836 1327 secutus.

76 1349 147 1403 Ense
165 1350 241 1403 velut
258 1350 354 1404 stricto
372 1350 478 1419 quoties
497 1349 617 1402 Lucilius
635 1348 733 1402 ardens
891 1365 928 1404 101

79 1424 230 1487 infremuit.
247 1426 330 1480 rubet
347 1425 457 1479 auditor
473 1426 516 1479 cui
533 1424 633 1493 frigida
650 1440 726 1478 mens
743 1428 788 1479 est

76 1501 247 1568 Criminibus,
265 1503 351 1556 tacita
368 1503 468 1558 sudant
485 1501 645 1571 praecordia
662 1501 748 1569 culpa.

76 1576 146 1630 Inde
163 1578 220 1631 irae
237 1580 267 1631 11
283 1579 416 1633 lacrimae.
452 1580 551 1633 Tecum
568 1579 644 1646 prius
662 1593 728 1644 ergo
745 1577 838 1631 voluta

76 1652 153 1706 Haec
170 1654 259 1707 animo
277 1658 342 1708 ante
359 1655 454 1710 tubas:
472 1657 610 1722 galeatum
629 1671 689 1708 sero
707 1653 791 1707 duelli

77 1727 383 1800 Poenitet—Experiar
401 1731 468 1800 quid
486 1731 652 1785 concedatur
669 1731 697 1782 in
716 1730 776 1783 illos
891 1744 927 1784 170

77 1803 199 1869 Quorum
217 1805 350 1862 Flaminia
365 1808 470 1876 tegitur
487 1807 553 1861 cinis
571 1811 654 1875 atque
672 1805 783 1860 Latina·

363 2002 636 2011 ——-——=

400 2139 544 2196 suman
564 2140 603 2197 II.

76 2260 176 2314 Unrns
194 2259 368 2315 Sauromatas
384 2258 480 2328 fugere
496 2259 560 2313 hinc
576 2259 645 2314 hbet
662 2263 692 2315 11
708 2260 849 2330 glacialem

76 2337 221 2401 Oceanum,
241 2337 348 2404 quoties
366 2335 469 2403 aliquid
487 2336 522 2390 de
539 2335 661 2391 moribus
678 2338 781 2392 audent

77 2413 129 2479 Qui
149 2412 245 2467 Curios
262 2412 390 2466 simulant
408 2416 437 2466 et
455 2411 635 2466 Bacchanalia
652 2413 765 2480 vivunt;

77 2489 186 2544 Indocti
202 2489 329 2557 primum,
346 2503 502 2558 quanquam
519 2488 602 2557 plena
619 2489 709 2542 omnia
725 2506 811 2560 gypso

76 2566 220 2636 Chrysippi
236 2566 364 2619 invenies.
400 2565 426 2618 N
428 2581 472 2618 am
489 2565 704 2634 perfectissimus
721 2565 818 2619 horum
836 2570 879 2621 est
913 2582 925 2622 5

76 2644 105 2698 Si
123 2643 183 2712 quis
203 2643 381 2697 Aristotelem
398 2643 514 2696 similem
531 2643 574 2696 vel
594 2643 719 2697 Pittacon
737 2644 813 2710 emit,

77 2721 114 2775 Et
128 2720 210 2789 jubet
228 2718 390 2788 archetypos
406 2718 529 2787 pluteum
548 2735 657 2772 servare
675 2718 829 2774 Cleanthas.

77 2797 187 2851 Frontis
203 2795 278 2849 nulla
294 2794 371 2848 fides.
410 2795 477 2860 Quis
494 2795 567 2848 enim
583 2812 636 2848 non
654 2795 729 2849 vicus
747 2794 870 2850 abundat

76 2871 211 2927 Tristibus
228 2870 385 2925 obscoenis?
421 2871 546 2939 Castigas
563 2871 655 2940 turpia
673 2887 757 2940 quum
776 2872 814 2925 sis

77 2948 156 3003 Inter
174 2947 323 3003 Socraticos
343 2947 485 3002 notissima
502 2948 574 3000 fossa
592 2947 731 3001 cinaedos!
900 2961 924 3001 10

77 3024 196 3094 Hispida
215 3023 339 3076 membra
356 3024 468 3092 quidem
489 3028 518 3078 et
538 3023 624 3078 durae
642 3040 694 3093 per
712 3023 822 3079 brachia
841 3029 917 3080 setae

77 3100 246 3154 Promittunt
266 3102 386 3154 atrocem
405 3100 539 3155 animum:
558 3099 607 3154 sed
625 3099 723 3170 podice
743 3100 797 3154 levi

77 3175 237 3230 Caeduntur
254 3175 376 3230 tumidae
395 3176 502 3231 medico
522 3176 631 3230 ridente
648 3177 796 3229 mariscae.

77 3251 167 3306 Reme
187 3267 276 3307 sermo
293 3251 347 3307 illis
367 3256 396 3314 et
417 3269 523 3324 magna
536 3251 632 3308 innuo
650 3247 777 3305 tenendi
