2040 3510
88 152 119 198 96
320 147 353 197 D.
372 148 392 198 J
397 147 479 198 UNII
497 148 706 199 JUVENALIS

88 240 202 307 Stoicus,
221 238 328 308 antiqui
345 238 507 307 praesertim
525 241 618 293 aetate
637 239 760 294 Metelli'l

88 316 168 370 Nunc
185 318 260 370 totus
275 313 372 369 Graias
386 318 548 381 nostrasque
562 314 646 368 habet
663 315 736 368 orbis
754 315 885 372 Athenas
904 330 940 370 uo

88 391 179 447 Gallia
195 390 346 447 causidicos
364 390 458 444 docuit
476 389 594 444 facunda
612 391 768 456 Britannos,

88 467 131 522 De
148 467 325 522 conducendo
343 467 464 536 loquitur
477 465 537 534 jam
554 466 665 522 rhetore
683 468 777 523 Thule.

88 544 194 598 Nobilis
211 543 258 598 ille
275 548 367 598 tamen
385 543 501 613 populus
520 560 601 612 quem
619 545 746 613 diximus,
757 548 787 601 et
802 561 854 614 par

88 621 201 674 Virtute
218 625 302 687 atque
319 620 375 674 fide
393 619 442 673 sed
459 620 548 689 major
565 621 644 675 clade
661 623 806 690 saguntus,

88 697 152 750 Tale
170 695 238 764 quid
255 699 373 751 excusat
410 696 549 750 Maeotide
568 697 673 751 saevior
690 715 739 752 ara
904 711 940 751 115

89 774 248 841 Aegyptum
271 772 372 841 quippe
390 771 437 824 illa
454 771 564 825 nefandi
583 772 696 827 Taurica
712 773 784 828 sacri

88 848 230 902 Inventrix
248 846 371 901 homines
389 848 431 915 (ut
441 846 503 916 jam
520 865 590 915 quae
608 849 727 902 carmina
744 849 859 903 tradunt

88 922 179 991 Digna
196 923 251 976 lide
270 923 377 990 credas)
395 928 505 980 tantum
522 924 653 992 immolat,
671 924 786 979 ulterius
804 925 842 978 nil

89 1000 150 1052 Aut
165 999 276 1067 gravius
293 1000 381 1053 cultro
398 1000 481 1055 timet
497 1000 593 1054 hostia
629 1000 697 1066 Quis
715 1000 796 1054 modo
814 1016 892 1054 casus

89 1074 204 1143 Impulit
221 1075 286 1130 bosi
304 1093 374 1144 quae
392 1079 472 1130 tanta
488 1077 575 1130 fames
592 1077 747 1144 infestaque
764 1076 834 1130 vallo
904 1090 941 1129 no

89 1150 177 1204 Arma
194 1155 342 1220 coegerunt
359 1154 418 1205 tam
436 1152 600 1207 detestabile
617 1160 768 1206 monstrum

90 1226 220 1281 Auderei
256 1231 337 1281 Anne
355 1227 446 1296 aliam,
463 1233 540 1282 terra
557 1228 740 1296 Memphitide
758 1228 836 1294 sicca,

89 1302 226 1356 Invidiam
243 1303 365 1357 iacerent
383 1304 486 1357 uolenti
503 1321 615 1372 surgere
635 1304 713 1358 Nilol

91 1380 150 1444 Qua
165 1395 216 1432 nec
233 1378 370 1433 terribiles
389 1379 500 1446 Cimbri,
518 1397 569 1434 nec
586 1380 714 1435 Britoncs
730 1396 858 1448 unquam,
888 1440 892 1445 ,

89 1454 320 1523 Sauromataeque
336 1459 428 1510 truces
446 1460 495 1510 aut
513 1456 644 1510 immanes
664 1456 819 1525 Agathyrsi,
903 1471 941 1512 12s

55 1536 58 1540 “
91 1531 152 1584 Hac
170 1531 257 1584 saevit
274 1529 351 1584 rabie
368 1530 477 1586 imbelle
495 1536 524 1588 et
541 1533 638 1587 inutile
655 1532 758 1601 vulgus,
970 1538 973 1543 '

90 1607 208 1661 Parvula
225 1606 354 1661 fictilibus
372 1607 482 1661 solitum
500 1609 567 1662 dare
585 1609 645 1662 vela
661 1607 780 1678 phaselis

90 1684 127 1737 Et
145 1683 271 1738 brevibus
288 1683 380 1751 pictae
396 1685 478 1738 remis
496 1684 654 1738 incumbere
671 1688 766 1739 testae.

90 1760 116 1812 N
118 1777 149 1814 ec
166 1776 282 1828 poenam
298 1760 394 1814 sceleri
411 1761 538 1827 invenies,
551 1776 602 1814 nec
620 1760 704 1829 digna
720 1760 828 1830 parabis

90 1836 230 1906 Supplicia
246 1836 288 1890 his
306 1837 421 1905 populis,
433 1837 461 1889 in
479 1853 597 1904 quorum
614 1841 706 1890 mente
725 1853 806 1906 pares
824 1839 888 1890 sunt
905 1849 941 1889 rao

90 1913 128 1967 Ilt
145 1912 246 1966 similes
263 1913 305 1966 ira
322 1916 406 1980 atque
424 1912 516 1965 fames.
553 1912 711 1966 Mollissima
728 1911 812 1966 corda

91 1988 220 2042 Humano
237 1987 332 2055 generi
350 1988 417 2041 dare
434 2005 464 2041 se
481 1990 581 2041 natura
599 1989 703 2041 fatetur

91 2065 168 2130 Quae
185 2065 310 2118 lacrimas
329 2063 422 2118 dedit:
440 2063 507 2116 baec
525 2064 610 2117 nostri
626 2080 690 2132 pars
707 2063 811 2132 optima
828 2079 930 2119 sensus.

91 2141 203 2195 Plorare
220 2156 285 2207 ergo
298 2138 382 2207 jubet
400 2155 491 2192 casum
510 2137 630 2206 lugentis
647 2138 735 2204 amici,

91 2221 305 2290 squaloremque
321 2219 371 2287 rei,
388 2217 520 2287 pupillum
538 2216 654 2284 adjura
670 2219 813 2270 vocantem
905 2233 941 2272 135

90 2296 367 2364 circumscriptorem
386 2294 463 2363 cujus
481 2293 620 2347 manantia
638 2292 706 2347 fletu

91 2374 148 2428 Ora
164 2372 300 2444 puellares
316 2371 420 2425 faciunt
437 2370 543 2423 incerta
560 2369 657 2437 capilli.

91 2450 215 2504 Naturae
233 2447 347 2516 imperio
364 2446 505 2514 gemimus,
524 2462 608 2514 quum
626 2445 707 2500 finnus
727 2443 838 2500 adultae

90 2527 213 2596 Virginis
230 2525 355 2591 occurrit,
374 2524 416 2578 vel
435 2527 511 2577 terra
528 2522 666 2576 clauditur
681 2521 769 2575 infans

91 2605 128 2658 nt
139 2603 228 2657 minor
239 2603 303 2670 igne
313 2600 379 2670 rogi
417 2599 482 2664 Quis
495 2599 566 2652 enim
578 2597 665 2651 bonus
678 2602 707 2652 et
717 2598 777 2651 face
789 2597 887 2666 dignus
906 2611 941 2650 mo

90 2684 206 2745 Arcana,
224 2678 332 2746 qualem
351 2676 461 2733 Cereris
479 2675 539 2730 vult
556 2691 616 2729 esse
635 2674 769 2741 sacerdos,

90 2756 154 2811 Ulla
171 2756 261 2810 aliena
279 2753 329 2808 sibi
347 2753 444 2808 credat
461 2751 549 2806 malai
587 2750 703 2820 Separat
721 2748 773 2802 hoc
789 2764 839 2802 noe

21 2880 26 2887 .
92 2839 117 2889 A
136 2850 219 2902 grege
237 2837 382 2898 mutorum,
399 2833 484 2898 atque
501 2828 564 2883 ideo
580 2825 736 2881 venerabile
754 2825 805 2880 soli

91 2909 188 2964 Sortiti
205 2908 352 2976 ingenium,
369 2906 579 2974 divinorumque
596 2919 716 2973 capaces,

91 2988 186 3055 Atque
203 2983 363 3039 exercendis
380 2981 574 3052 capiendisque
592 2979 696 3033 artibus
713 2977 779 3046 apti,
907 2993 943 3034 14⁵

85 3061 203 3113 Sensum
222 3078 240 3114 a
258 3059 369 3115 caelesti
387 3058 536 3112 demissum
554 3054 686 3110 traximus
703 3070 774 3120 arce,

71 3132 163 3208 Ullius
179 3139 268 3198 egent
282 3151 375 3202 prona
394 3137 548 3191 attentam
566 3129 727 3202 spectantia
761 3128 861 3184 Mundi

50 3197 203 3269 P'ffl01'111'0
220 3207 348 3269 mdulsit
366 3210 528 3268 communis
547 3206 678 3266 conditor
694 3204 754 3261 illis
