2040 3510
429 173 561 221 SATIRA
578 173 630 222 111.
927 173 959 219 11·

107 261 267 315 Conducunt
285 260 395 314 sericas:
420 264 449 314 et
466 277 515 314 cur
532 277 585 315 non
603 261 710 316 omnial
731 277 816 330 quum
834 259 889 314 sint

108 337 207 403 Quales
226 354 261 392 ex
279 336 376 390 humili
395 353 493 404 magna
511 337 547 390 ad
565 336 675 405 fastigia
695 354 787 392 rerum

106 414 221 468 Extollit
241 413 348 483 quoties
368 412 454 466 voluit
475 412 596 466 Fortuna
610 412 705 480 jocari.
934 426 958 464 40

107 490 180 554 Quid
200 491 304 544 Romae
323 489 437 543 iaciaml
474 489 585 543 Mentiri
604 489 711 556 nescio,
734 489 834 543 librum

106 568 134 621 Si
153 567 240 620 malus
259 570 302 620 est
320 581 427 633 nequeo
447 563 561 618 laudare
579 569 608 619 et
628 581 755 634 poscere;
778 568 869 619 motus

109 644 254 697 Astrorum
274 643 384 709 ignoro;
407 641 487 694 funus
506 641 669 708 promittere
687 641 772 708 patris

107 721 165 774 Nec
184 719 244 772 volo
262 735 313 772 nec
331 731 455 785 possnm;
479 733 605 770 ranarum
626 717 730 771 viscera
749 734 887 786 nunquam

108 794 226 864 Inspexi
264 793 348 847 Ferre
368 793 404 846 ad
424 797 538 862 nuptam
559 809 629 861 quae
649 793 737 847 mittit
758 793 874 861 adulter,
932 808 956 847 ao

107 872 182 937 Quae
201 870 321 938 mandat,
339 870 431 923 norint
449 869 512 923 alii:
536 886 580 922 me
600 886 680 924 nemo
697 870 822 924 ministro

108 947 164 1001 Tur
185 947 245 1014 erit,
264 951 348 1014 atque
368 946 432 1000 ideo
450 945 518 998 nulli
537 962 627 1000 comes
646 962 721 1014 exeo,
744 951 875 1015 tanquam

81 1060 87 1066 -
107 1025 221 1078 Mancus
239 1027 268 1078 et
286 1023 437 1077 exstinctae
455 1038 552 1091 corpus
570 1039 625 1075 non
645 1022 713 1076 utile
733 1023 853 1079 dextrae.

108 1100 174 1164 Quis
195 1117 266 1153 nunc
285 1099 409 1168 diligitur
429 1099 480 1152 nisi
498 1100 628 1167 conscius,
651 1103 680 1153 et
699 1100 743 1153 cui
761 1101 868 1154 fervens

109 1178 227 1230 Aestuat
245 1176 356 1230 occultis
374 1176 480 1229 animus
500 1192 662 1244 semperque
681 1175 821 1230 tacendisl
932 1190 957 1229 oo

108 1252 154 1306 Nil
174 1251 225 1306 tibi
245 1269 274 1306 se
293 1251 396 1306 debere
416 1255 504 1320 putat,
524 1252 564 1304 nil
583 1253 705 1307 conferet
724 1267 850 1321 unquam,

107 1326 273 1396 Participenr
292 1328 339 1397 qui
358 1331 389 1382 te
406 1327 507 1381 secreti
525 1327 590 1381 fecit
609 1327 729 1383 honesti:

107 1403 192 1459 (larus
211 1404 265 1458 erit
287 1403 373 1458 Verri.
387 1403 434 1471 qui
454 1403 571 1456 Verrem
590 1407 713 1471 ternpore
732 1421 785 1473 quo
803 1405 862 1460 vult

107 1483 244 1534 Accusare
262 1483 360 1549 potest
395 1480 476 1533 Tanti
496 1479 548 1533 tibi
570 1496 623 1533 non
645 1481 681 1534 sit
699 1481 774 1548 opaci

107 1555 200 1609 Omnis
219 1571 301 1610 arena
321 1555 388 1623 Tagi
409 1555 536 1624 quodque
555 1557 583 1608 in
602 1572 678 1608 maro
696 1556 813 1611 volvitur
831 1573 935 1622 aurunt,

106 1631 147 1685 Ut
166 1648 259 1685 somno
278 1647 372 1685 careas
389 1631 569 1700 ponendaque
587 1631 707 1700 praemia
727 1648 817 1687 sumas
930 1648 955 1687 so

104 1707 204 1760 Tristis
221 1711 251 1760 et
268 1722 285 1759 a
303 1722 402 1774 magno
422 1723 530 1775 semper
548 1707 671 1760 timearis
691 1708 782 1762 amico.

142 1783 217 1847 Quae
238 1799 309 1836 nunc
328 1781 460 1835 divitibus
480 1799 546 1850 gens
567 1783 755 1850 acceptissima
774 1785 875 1838 nostris

107 1859 143 1913 llt
163 1872 232 1927 quos
247 1858 395 1928 praecipue
414 1858 517 1926 fugiam
535 1857 687 1927 properabo
707 1859 795 1927 fateri,

106 1934 166 1989 Nec
184 1933 274 2004 pudor
291 1933 420 1988 obstabit.
456 1934 520 1988 Non
540 1950 649 2002 possum
668 1935 748 2002 ferre,
768 1934 896 2003 Quirites,
930 1953 954 1992 oo

107 2010 238 2066 Graecam
256 2009 368 2066 urbem:
388 2011 511 2079 quumvis
530 2013 614 2079 quota
631 2010 721 2078 portio
733 2011 816 2066 fseois
830 2013 956 2070 Achaei?

107 2088 170 2141 Jarn
189 2086 296 2156 pridem
316 2087 400 2155 Syrus
417 2087 448 2139 in
467 2086 586 2140 Tiberim
607 2086 725 2141 deduxit
744 2087 862 2144 Orontes

107 2164 143 2219 llt
161 2163 281 2232 linguam
299 2166 328 2217 et
349 2179 438 2217 mores
458 2167 488 2217 et
510 2180 572 2216 cum
592 2162 706 2217 tibicine
726 2163 840 2219 chordas

107 2239 246 2308 Obliquas,
265 2255 316 2295 nec
334 2255 388 2293 non
407 2240 519 2307 gentilia
541 2243 669 2308 tympana
688 2255 779 2295 secum

107 2315 191 2370 Vexit
210 2319 240 2369 et
259 2314 297 2369 ad
316 2315 425 2369 Circum
439 2315 533 2383 jussas
552 2319 677 2385 prostare
697 2316 811 2385 puellas.
931 2335 955 2375 or

107 2393 152 2446 Ite
174 2392 272 2459 quibus
293 2394 372 2459 grata
392 2394 435 2444 est
455 2393 530 2461 pieta
547 2392 611 2459 lupa
632 2389 748 2445 barbara
765 2393 861 2449 mitra!

106 2469 236 2523 Rusticus
254 2467 300 2521 ille
319 2471 383 2521 tuus
400 2468 484 2522 sumit
505 2467 690 2536 trechedipna
708 2466 827 2536 Quirine,

106 2544 142 2599 llt
163 2544 326 2599 ceromatico
345 2544 400 2599 fert
420 2545 550 2598 niceteria
570 2543 646 2600 collo.

106 2621 160 2675 Hic
178 2621 236 2676 alta
255 2620 374 2688 Sicyone,
390 2623 434 2674 ast
452 2620 496 2674 hic
518 2620 662 2688 Amydone
680 2621 782 2690 relicta,

106 2697 160 2750 Hic
178 2697 287 2763 Andro,
307 2696 354 2750 ille
373 2697 461 2765 Samo,
483 2697 526 2750 hic
545 2696 681 2751 Trallibus
702 2702 751 2752 aut
772 2698 931 2768 Alabandis,

105 2772 241 2841 Esquilias
260 2773 419 2841 dictumque
440 2776 539 2842 petunt
559 2788 576 2826 a
594 2772 694 2826 vimine
712 2774 815 2840 collem,
930 2792 954 2832 11

105 2849 219 2902 Viscera
239 2865 399 2916 magnarum
418 2847 547 2902 domuum
568 2848 725 2918 dominique
745 2849 839 2905 futuri.

106 2924 249 2992 Ingenium
267 2923 356 2992 velox,
375 2923 489 2978 audacia
508 2924 624 2993 perdita
646 2941 735 2979 sermo

105 3000 233 3053 Promtus
253 3003 282 3054 et
302 2999 383 3054 Isaeo
404 3001 560 3055 torrentior.
598 3001 657 3055 Ede
678 3001 745 3068 quid
763 3001 840 3057 illum

105 3075 173 3128 Esse
185 3077 282 3144 putesl
299 3092 380 3145 quern
393 3075 434 3129 vis
445 3075 582 3130 hominem
594 3093 686 3132 secum
697 3076 792 3131 attulit
803 3077 840 3132 ad
850 3094 912 3133 nos:
930 3093 955 3136 ⁷⁵

105 3149 312 3225 Grammaticis,
332 3150 434 3218 rhetor,
453 3155 613 3220 geometres,
632 3154 728 3222 pictor,
746 3152 858 3220 aliptes,
966 3189 969 3194 .

105 3228 210 3294 Augur,
233 3225 435 3297 schoenobates,
454 3228 594 3296 medicus,
607 3243 733 3294 magur.
753 3225 856 3277 omas,
866 3219 968 3266 noma.
1001 3260 1004 3265 ,
