2040 3510
77 189 122 236 118
340 187 373 235 A„
391 186 513 236 PERSII
531 187 660 236 FLACGI

75 276 118 330 Ne
138 277 278 345 trepidare
296 277 363 332 velis
384 280 468 345 atque
487 280 563 330 artos
584 277 682 331 rodere
703 293 798 332 casses.
890 292 925 332 170

76 351 155 407 Nunc
178 353 252 407 lorus
271 357 301 408 et
318 352 433 407 violens:
458 357 488 407 at
506 352 529 405 si
548 358 634 420 vocet,
651 353 729 428 haud
744 354 822 408 'mora
842 353 923 419 dicas,

76 427 226 493 ‘Quidnam
237 429 322 496 igitur
333 428 448 483 faeiaml
459 444 510 483 nec
523 445 593 482 nuno
606 445 667 482 cum
680 434 800 484 arcessat
810 432 840 484 et
851 430 924 484 ultro

76 505 215 573 Supplicet
235 505 363 558 accedam
371 505 390 559 l'
425 504 453 558 Si
473 508 547 559 totus
567 510 596 559 et
614 506 722 573 integer
740 506 814 560 illinc

75 581 195 648 Exieras,
206 597 257 635 nec
269 581 365 634 nunc.”
403 580 462 648 llic,
476 581 519 635 hic
531 597 613 650 quem
626 583 787 649 quaerimus,
800 582 844 636 hic
856 588 905 647 est,

75 657 136 710 Non
155 658 184 710 in
202 657 308 711 festuca
328 657 408 711 lictor
425 673 506 724 quam
522 656 613 724 Jactat
633 659 748 726 ineptus.
889 673 923 712 17⁵

74 733 126 787 Jus
145 733 231 788 habet
249 733 295 788 ille
315 733 356 786 sui
375 732 456 801 palpo
477 750 559 800 quem
579 733 657 787 ducit
677 733 799 788 hiantem

75 809 186 863 Gratata
205 809 335 864 ambitiol
370 808 461 876 Vigila
480 812 509 862 et
528 809 599 862 cicer
618 810 712 876 ingere
732 809 808 877 large
870 811 875 824 '

74 885 185 939 Rixanti
204 886 312 954 populo,
329 893 423 938 nostra
442 888 475 937 ut
495 885 613 938 Floralia
631 885 736 954 possint

74 962 169 1030 Aprici
188 962 343 1016 meminisse
361 977 453 1014 senes:
478 961 545 1030 quid
564 961 684 1030 pulcrius
691 962 776 1015 l-At
796 976 857 1014 cum

74 1038 192 1092 Herodis
213 1054 312 1092 venere
332 1038 398 1105 dies,
418 1042 555 1106 unctaque
576 1037 695 1091 fenestra
886 1050 922 1090 iso

73 1114 225 1184 Dispositae
245 1114 375 1184 pinguem
395 1113 522 1167 nebulam
541 1129 669 1166 vomuere
689 1112 815 1167 lucernae

73 1193 218 1246 Portantes
236 1190 329 1257 violas,
350 1189 517 1256 rubrumque
538 1189 662 1256 amplexa
681 1187 801 1242 catinum

73 1268 166 1322 (lauda
185 1270 264 1321 natat
282 1267 389 1333 thunni,
409 1271 497 1320 tumet
516 1266 578 1319 alba
597 1264 689 1318 fidelia
707 1265 785 1328 vin0;

74 1345 161 1398 Labra
179 1359 273 1397 moves
290 1343 390 1397 tacitus
408 1342 581 1409 recutitaque
602 1341 717 1395 sabbata
735 1341 828 1409 palles.

72 1421 146 1474 'lunc
167 1419 237 1487 nigri
257 1419 375 1472 lemures
396 1434 500 1485 ovoque
519 1418 640 1486 pericula
658 1420 747 1486 rupto,
885 1433 921 1471 1st

72 1497 145 1550 Tunc
166 1493 286 1563 grandes
305 1493 375 1548 Galli
394 1497 424 1547 et
443 1510 504 1547 eum
524 1495 606 1548 sistro
626 1494 701 1548 lusca
721 1492 848 1546 sacerdos

72 1570 301 1627 Incussere'deos
321 1570 447 1624 inflantes
467 1588 588 1640 corpora,
609 1570 704 1623 sinon

72 1648 247 1702 Praedictum
266 1651 310 1701 ter
329 1663 409 1700 mane
429 1651 510 1714 caput
528 1646 681 1714 gustaveris
699 1647 752 1701 alli.

106 1724 213 1779 Dixeris
233 1723 300 1777 haec
321 1724 394 1777 inter
412 1724 546 1776 varicosos
566 1722 753 1790 Centuriones,

71 1801 206 1855 Continuo
226 1816 345 1854 crassum
366 1799 439 1853 ridet
457 1798 601 1852 Vulfenius
619 1799 723 1866 ingens,
888 1827 921 1866 ,90

71 1878 107 1932 Ilt
127 1880 236 1931 centum
257 1875 376 1930 Graecos
394 1878 473 1928 curto
494 1879 619 1929 centusse
637 1875 740 1929 licetur.

338 2067 642 2076 ———..-—...

390 2206 528 2261 SATIRA
549 2208 600 2262 VI.

70 2335 204 2386 Annovm
217 2331 278 2400 jam
294 2331 392 2386 bruma
409 2331 469 2385 ioco
486 2336 523 2399 te,
544 2333 634 2399 Basse,
655 2333 772 2388 Sabinol

68 2407 87 2460 J
89 2425 167 2463 amne
183 2408 241 2476 lyra
258 2412 287 2461 et
304 2408 403 2462 tetrico
421 2408 515 2462 vivunt
532 2409 583 2462 tibi
602 2409 709 2478 pectine
727 2409 863 2464 chordael

69 2484 138 2538 Mire
155 2485 246 2554 opifex
264 2485 383 2538 numeris
401 2490 524 2539 veterum
542 2485 690 2555 primordia
707 2503 803 2540 vocum

69 2562 162 2628 Atque
180 2577 283 2615 marem
301 2560 447 2630 strepitum
460 2561 522 2614 fidis
541 2561 691 2616 intendisse
711 2563 832 2627 Latinae,

69 2635 132 2688 Mox
145 2635 261 2703 juvenes
279 2635 385 2704 agitare
398 2635 475 2704 jocos
493 2641 521 2691 et
539 2637 636 2707 pollice
653 2639 767 2691 honesto
905 2653 917 2689 5

68 2711 199 2780 Egregius
216 2712 310 2766 lusisse
328 2730 413 2768 senes.
449 2713 517 2766 Mihi
534 2730 605 2767 nunc
623 2714 706 2782 Ligus
724 2730 771 2766 ora

69 2787 186 2856 Intepet,
204 2787 383 2858 hibernatque
400 2806 491 2844 meum
510 2808 591 2857 mare,
609 2808 664 2859 qua
680 2790 751 2844 latus
767 2789 862 2857 ingens

68 2864 141 2916 Dant
160 2863 262 2931 scopuli
280 2869 309 2918 et
326 2866 413 2920 multa
431 2867 508 2922 littus
526 2884 555 2921 se
572 2867 642 2921 valle
660 2869 790 2935 receptat

67 2940 166 2994 Lunai
181 2947 301 3007 porcam
319 2941 368 3007 (cel
386 2944 496 3011 operae)
515 2945 676 3012 cognoscite,
694 2942 769 2997 eicco.

68 3017 121 3068 [lor
130 3016 216 3082 jubet
233 3015 284 3068 hoc
302 3015 378 3084 llnni,
396 3023 541 3087 postquam
559 3020 707 3075 destertuit
724 3035 782 3072 esse
891 3033 916 3073 10

34 3087 223 3158 ,Maeomtloq
245 3091 367 3155 Quintus
384 3111 490 3163 pavone
509 3113 544 3151 ex
563 3096 741 3168 Pythagoreo.

23 3120 93 3273 &fh
111 3176 166 3222 05⁷0
185 3181 307 3221 securus
326 3170 404 3241 vulgi
423 3177 456 3229 et
474 3174 546 3244 quid
560 3176 712 3245 praeparet
730 3173 831 3227 auster

64 3227 128 3280 elix
142 3242 252 3300 pecori
272 3261 406 3320 securus,
427 3255 461 3308 et
479 3252 604 3322 angulus
620 3250 669 3306 me
