2040 3510
380 178 511 227 SATIRA
528 179 576 227 IV.
598 178 629 226 V.
883 183 932 230 113.

78 267 131 332 Qui
149 267 315 336 quandoque
331 266 430 334 jugum
450 267 564 333 pertusa
582 263 618 317 ad
636 268 756 336 compita
775 268 842 336 figit,

78 342 196 396 Seriolae
214 348 337 395 veterem
358 345 483 394 metuens
502 339 637 394 deradere
658 342 751 395 limum

78 419 205 486 Ingemit,
220 418 296 472 ‘Hoc
308 417 379 472 bene
390 418 426 472 sit
432 419 445 470 l’
458 419 610 472 tunicatum
623 435 685 472 cum
698 419 753 473 sale
765 419 895 473 mordens
906 434 930 472 ao

78 495 168 563 anpe
187 497 224 560 et,
243 494 374 548 farratam
394 495 486 564 pueris
504 495 699 563 plaudentibus
719 494 807 560 ollam,

78 571 228 624 Pannosam
248 571 353 624 faecem
373 571 513 624 morientis
534 571 628 626 sorbet
649 572 758 626 acetil’'

78 650 118 700 At
137 646 160 700 si
179 649 277 700 unctus
296 663 385 700 cesses
403 652 433 701 ot
452 647 520 715 figas
539 649 567 700 in
586 651 651 701 cute
670 647 762 715 solem,

78 723 128 776 aa
146 739 233 791 prope
252 727 281 776 te
301 724 409 790 ignotus
430 723 522 777 cubito
541 724 589 792 qui
608 727 712 792 tangat,
731 728 760 777 at
779 740 841 777 acre

78 800 201 868 Despuat
221 799 249 851 in
269 816 366 866 mores,
386 816 539 868 penemque
558 816 709 868 arcanaque
728 800 813 853 lumbi
908 816 931 853 aa

79 877 249 930 Runcantem
271 876 371 944 populo
390 880 542 930 marcentes
563 876 684 943 pandere
703 876 812 930 vulvas:

77 952 140 1005 “Tu
160 969 222 1006 cum
240 952 358 1006 maxillis
377 952 534 1006 balanatum
554 969 675 1021 gausape
694 957 795 1022 pectas,

80 1029 240 1097 Inguinibus
259 1045 344 1096 quare
362 1029 491 1082 detonsus
510 1029 636 1097 gurgulio
656 1030 751 1083 extatl

78 1106 204 1173 Quinque
222 1105 399 1174 palaestritae
418 1105 483 1158 licet
500 1104 568 1158 haec
587 1105 724 1174 plantaria
743 1105 851 1171 vellant,

79 1181 223 1250 lllixasqne
241 1185 319 1235 nates
338 1180 504 1235 labefactent
524 1181 625 1249 forcipe
644 1181 756 1248 adunca,
907 1197 931 1234 ao

78 1258 138 1311 Non
157 1261 250 1312 tamen
269 1257 322 1312 ista
341 1258 398 1310 filix
418 1258 473 1310 ullo
491 1258 658 1313 mansuescit
676 1259 792 1311 aratro.'’

112 1334 257 1389 Caedimus
276 1334 357 1403 inque
378 1335 464 1388 vicem
484 1333 647 1403 praebemus
669 1351 749 1387 crura
768 1334 880 1400 sagittis.

78 1411 186 1465 Vivitur
204 1410 255 1463 hoc
274 1413 372 1479 pacto;
396 1410 434 1463 sic
453 1409 583 1463 novimus
622 1410 674 1463 ilia
693 1410 788 1463 subter

78 1488 194 1541 Caecum
214 1487 312 1540 vulnus
331 1485 430 1550 habes;
455 1485 503 1539 sed
522 1486 579 1538 lato
601 1485 707 1540 balteus
726 1503 791 1539 auro

79 1563 232 1630 Praetegit:
257 1566 290 1615 nt
308 1562 401 1629 mavis,
419 1561 456 1615 da
474 1565 556 1615 verba
577 1565 607 1616 et
627 1561 723 1630 decipe
742 1579 839 1615 nervos
907 1578 931 1616 aa

78 1639 106 1691 Si
124 1642 208 1706 potes.
246 1638 420 1705 “Egregium
439 1654 501 1691 curn
522 1654 566 1691 me
585 1637 685 1691 vicinia
705 1637 780 1691 dicat

79 1715 140 1767 Non
158 1711 268 1768 credam
276 1714 302 1768 l'’
336 1713 403 1768 Viso
421 1715 444 1767 si
463 1714 556 1783 palles,
576 1714 707 1783 improbe,
729 1731 847 1780 nummo,

78 1791 107 1844 Si
126 1791 190 1844 facis
209 1791 237 1844 in
256 1807 354 1859 penem
374 1790 505 1859 quicquid
525 1790 577 1845 tibi
599 1792 675 1845 venit
694 1808 825 1857 amarum,

78 1867 106 1920 Si
127 1866 224 1920 Puteal
244 1867 331 1920 multa
350 1871 447 1921 cautus
465 1865 552 1920 vibice
571 1867 701 1936 flagellas,

79 1943 267 2011 Nequicqnam
286 1942 387 2012 populo
407 1942 514 1996 bibulas
535 1942 679 1998 donaveris
698 1961 784 1999 aures.
907 1962 931 2000 ao

80 2019 188 2087 Respue
208 2018 283 2088 quod
301 2035 354 2072 non
372 2034 428 2084 es3'
440 2018 519 2073 tollat
537 2035 587 2072 sua
606 2035 720 2074 munera
739 2020 835 2085 cerdo;

78 2094 179 2149 Tecum
197 2093 297 2159 habita,
317 2095 390 2149 noris
410 2110 492 2162 quam
512 2095 549 2148 sit
566 2093 619 2148 tibi
636 2099 715 2149 curta
732 2094 861 2162 supellex.

350 2293 659 2302 -—-—-—-—-.—-—

403 2428 544 2483 savias
567 2427 601 2482 V.

78 2559 206 2612 Vernaus
222 2557 266 2610 hic
283 2573 342 2610 mos
359 2561 409 2625 est,
427 2565 537 2612 centurn
554 2558 606 2612 sibi
624 2575 736 2628 poscere
753 2579 839 2624 voces,

79 2634 197 2689 (lentum
215 2649 263 2686 ora
279 2638 308 2687 et
327 2634 433 2702 linguas
452 2639 549 2703 optare
567 2634 596 2687 in
614 2636 735 2689 carmina
753 2642 870 2701 centum,

80 2710 184 2764 Fabula
200 2726 250 2763 sen
262 2714 367 2764 moesto
384 2714 501 2778 ponatur
518 2709 621 2764 hianda
637 2711 777 2779 tragoedo,

79 2786 201 2840 Vulnera
218 2802 267 2840 seu
285 2786 381 2840 Parthi
400 2786 526 2841 ducentis
543 2785 579 2840 ab
596 2787 707 2855 inguina
725 2787 834 2840 ferrum.

80 2862 234 2928 “Quorsum
253 2863 337 2918 lraacl
355 2866 404 2917 aut
421 2868 537 2932 quantas
554 2864 660 2918 robusti
677 2863 804 2917 carminis
822 2863 902 2918 ollas·x
919 2879 930 2913 5

80 2937 193 3007 lugaria,
211 2942 243 2992 ut
260 2939 364 3007 parsit
382 2944 496 2993 centeno
514 2944 626 3008 gutture
644 2940 711 2994 nitil

80 3013 191 3068 Grande
208 3015 324 3069 locuturi
341 3015 454 3070 nebulas
474 3016 606 3070 Helicone
624 3016 743 3084 legunto,

81 3089 109 3142 Si
127 3089 226 3158 quibus
243 3095 291 3146 aut
309 3092 431 3160 Prognes
449 3096 497 3147 aut
513 3092 538 3146 si
555 3093 657 3160 quibam
673 3093 733 3144 olla
742 3092 889 3152 'luxuum

81 3164 216 3234 Farvebit,
234 3183 316 3238 saepe
332 3169 440 3225 insulso
457 3168 609 3225 coenanda
623 3165 760 3231 vacon‘x.
839 3225 846 3236 ,
970 3219 983 3246 χ

73 3241 112 3293 vu
130 3257 221 3309 neque
237 3245 389 3302 murana
406 3246 545 3318 coquam
566 3243 643 3297 aaa
657 3248 765 3290 aaa
777 3234 899 3280 affl*

137 3331 199 3373 cuv.
