2040 3510
91 181 123 229 68
327 182 359 231 D.
378 183 396 231 J
399 183 482 232 UNII
498 181 705 233 JUVENALIS

91 269 186 337 Atque
205 269 361 338 pudicitiae.
397 269 509 323 Sanctos
526 269 591 323 licet
611 268 722 322 horrida
739 284 829 324 moret

91 344 247 399 Tradiderit
264 345 361 418 domus
382 361 414 399 ac
433 348 542 399 veteres
560 344 669 399 imitata
688 344 810 413 Sabinos,

91 419 239 475 Praeterea
257 425 362 476 castum
382 420 520 490 ingenium
541 421 701 489 vultumque
720 419 847 475 modesto
905 436 942 476 eoo

91 495 228 564 Sanguine
245 497 399 551 ferventem
417 497 523 550 tribuat
543 501 642 552 natura
662 496 780 565 benigna

90 571 182 640 Larga
199 590 294 626 manu:
314 573 390 642 (qnid
409 573 482 627 enim
502 589 587 642 puero
607 573 732 627 conferre
747 574 840 642 potest
858 572 921 641 plus

91 647 213 703 Custode
233 652 262 703 et
283 666 348 703 eura
369 652 469 704 natura
489 650 627 719 potentior
645 648 745 716 emnil)

90 724 152 778 Non
173 725 237 780 licet
256 741 316 779 ease
335 726 422 791 viroa;
445 742 509 779 nam
528 726 643 795 prodiga
663 724 830 795 corruptoris

90 800 257 870 Improbitaa
277 803 350 872 ipsos
369 801 454 856 audet
474 805 583 856 tentare
602 805 739 870 parentes.
904 815 942 855 eet

90 877 176 932 'lanta
196 878 225 931 in
244 877 402 932 muneribus
420 877 529 932 fiducia!
567 878 664 931 Nullus
685 876 821 946 ephebum

89 953 246 1008 Deformem
267 971 349 1009 saeva
367 954 496 1008 castravit
514 955 542 1007 in
564 971 626 1008 arce
645 958 793 1023 tyrannum

89 1029 147 1084 Nec
165 1034 371 1099 praetextatum
390 1030 480 1099 rapuit
499 1031 525 1083 N
528 1046 575 1084 ero
594 1029 753 1098 loripedem,
770 1046 823 1083 nec
875 1069 878 1073 .

90 1105 261 1160 strumosum
281 1109 365 1174 atque
385 1110 465 1160 utero
484 1107 589 1174 pariter
608 1106 745 1174 gibboque
767 1108 929 1160 tumentem.

90 1181 194 1236 Inune
213 1187 242 1237 et
254 1182 365 1251 juvenis
387 1182 476 1250 specie
488 1182 591 1236 laetare
610 1182 659 1250 tui,
678 1197 759 1250 quem
906 1195 943 1236 310

89 1257 197 1326 Majora
218 1262 377 1326 exspectant
396 1256 563 1312 discrimina:
583 1259 632 1312 fiet
650 1257 760 1311 adulter

89 1333 224 1402 Publicus,
245 1338 273 1390 et
292 1349 393 1402 poenas
413 1336 525 1400 metuet,
547 1349 723 1402 quascunque
743 1331 850 1388 mantis

89 1409 173 1464 Iratis
193 1410 296 1464 debet:
319 1425 370 1463 nec
391 1410 445 1465 erit
462 1410 566 1464 felicior
585 1414 659 1465 astro
862 1461 865 1468 ,

89 1485 195 1553 Martie,
215 1491 247 1540 ut
266 1486 294 1539 in
312 1484 424 1554 laqueos
443 1501 582 1555 nunquam
602 1485 712 1541 incidat.
735 1485 830 1554 ExigIt
848 1486 942 1538 autem

89 1561 234 1616 Interdum
253 1563 300 1616 ille
319 1562 396 1616 dolor
414 1561 475 1631 plna
494 1578 577 1632 quam
596 1562 641 1615 lex
659 1561 716 1616 ulla
736 1560 824 1615 dolori
906 1573 943 1616 313

89 1637 237 1694 concessit.
274 1639 301 1693 N
303 1643 364 1693 eeat
382 1638 427 1693 hic
445 1638 527 1706 ferro,
547 1641 622 1693 secat
640 1637 687 1692 ille
706 1638 827 1692 cruentis

88 1714 266 1782 Verberibus,
287 1715 420 1784 quosdam
438 1715 564 1770 moechos
583 1719 613 1769 et
630 1715 740 1783 mugilis
760 1714 850 1768 intrat

88 1789 143 1846 Sed
159 1794 223 1845 tuus
243 1790 395 1860 Endymion
415 1791 533 1846 dilectae
554 1791 604 1846 fiet
621 1790 731 1845 adulter

88 1865 242 1921 Matronae:
266 1883 330 1921 mox
349 1884 434 1936 quum
452 1867 563 1922 dederit
578 1866 692 1922 Servilia
708 1882 840 1935 nummos,

88 1941 151 1996 Eiet
170 1947 199 1997 et
216 1943 288 1997 illiue
307 1959 389 2013 quam
407 1959 461 1998 non
482 1946 570 2009 amat;
593 1946 678 1997 exuet
696 1958 804 1996 omnem
905 1955 943 1995 em

88 2017 217 2087 Corporis
237 2023 369 2074 ornatum.
404 2019 477 2084 Quid
495 2019 568 2074 enim
588 2018 645 2072 ulla
663 2019 804 2086 negaverit
822 2017 885 2072 udis

89 2093 258 2163 Inguinibus,
278 2096 334 2150 eive
352 2098 396 2149 est
414 2095 482 2149 haee
501 2094 597 2164 Oppia,
616 2095 673 2147 eive
691 2094 816 2150 Catullal

89 2170 216 2225 Deterior
232 2174 306 2225 totos
325 2170 409 2225 habet
429 2170 484 2225 illic
502 2170 604 2224 femina
621 2186 720 2225 mores.

89 2247 144 2303 Sed
161 2252 236 2300 caeto
255 2246 323 2316 quid
340 2247 427 2300 forma
445 2247 541 2302 nocetl
578 2245 651 2310 uuio
669 2246 772 2314 profuit
789 2246 873 2301 immo

89 2323 239 2392 Hippolyto
250 2339 333 2392 grave
345 2322 533 2394 proposituml
551 2322 619 2392 quid
631 2322 851 2393 Bellerophontil
906 2337 942 2378 335

88 2399 206 2454 Erubuit
221 2415 320 2468 nempe
338 2399 406 2453 haec
425 2415 477 2453 ceu
496 2397 635 2465 fastidita3
658 2399 768 2467 repulsa

89 2476 148 2530 Nec
165 2475 335 2530 Stheneboea
353 2475 442 2529 minus
460 2491 542 2545 quam
561 2475 660 2530 Cressa
676 2474 831 2542 excanduit,
848 2479 877 2531 et
895 2492 926 2531 ee
977 2528 980 2532 .

90 2552 253 2608 Ooncuaeere
270 2551 373 2606 ambae.
410 2551 511 2606 Mulier
528 2552 685 2606 saevissima
703 2556 769 2607 tunc
786 2555 830 2606 eat

90 2629 179 2694 Quum
198 2629 320 2683 stimulos
338 2627 401 2682 odio
419 2627 509 2697 pudor
526 2628 661 2683 admovet.
698 2628 776 2697 Elige
795 2627 925 2697 quidnam

89 2704 265 2760 suadendum
282 2720 343 2758 esee
359 2709 442 2773 putes
459 2704 503 2758 cui
520 2704 623 2758 nubere
642 2704 765 2760 Caesarie
782 2720 853 2758 uxor
905 2718 944 2762 333

90 2781 224 2835 Destinat.
261 2780 387 2849 Optimus
405 2780 449 2835 hic
468 2784 497 2836 et
515 2781 726 2834 formosissimus
743 2779 818 2834 idem

90 2857 187 2912 Gentis
207 2857 340 2927 patriciae
359 2857 466 2927 rapitur
484 2857 566 2912 miser
583 2855 797 2924 exstinguendus

90 2933 263 2987 Messallinae
283 2933 380 2987 oculis:
406 2933 510 2987 dudum
530 2933 609 2987 sedet
627 2932 674 2985 illa
692 2935 789 3001 parato

91 3009 234 3076 Elameolo,
254 3004 404 3079 Tyriusque
423 3011 514 3079 palam
533 3009 647 3078 genialia
663 3009 692 3061 in
710 3009 797 3063 hortis
842 3052 845 3057 .
872 3042 874 3049 ,

72 3081 225 3148 Sternitur,
248 3089 280 3138 et
295 3086 354 3140 rr'tu
374 3085 469 3141 decies
488 3089 604 3141 centena
622 3084 761 3141 dabuntur
906 3099 942 3139 aet

54 3148 211 3217 ‘¹1²⁶quoe
238 3160 336 3215 reniet
355 3178 422 3217 cmn
441 3161 636 3232 signatoribus
652 3177 769 3233 auspex.

36 3212 129 3270 Haeo
150 3228 183 3277 ἴα
201 3238 327 3291 ’8601933
346 3241 380 3293 et
401 3241 509 3312 paucis
526 3239 682 3298 commissa
697 3237 838 3311 putabant
