2040 3510
409 160 542 209 SATIRA
559 161 596 210 ΙΙ.
615 161 669 211 ΙΙΙ.
952 167 966 212 9

119 251 145 305 N
147 266 179 306 ec
196 249 296 305 multos
312 248 432 305 adhibet.
460 249 555 304 Liceat
572 251 654 304 modo
672 252 768 319 vivere,
787 252 862 319 fient,
932 267 968 308 115

119 327 201 382 Fient
217 328 271 382 ista
287 327 378 398 palam
395 327 508 396 cupient
525 333 554 381 et
571 327 599 381 in
617 332 678 382 acta
694 328 797 383 referri.

119 403 231 458 interea
247 407 414 458 tormentum
431 404 526 472 iugens
544 403 709 458 nubentibus
726 404 822 460 haeret
889 448 892 453 »

37 520 41 526 .
118 478 199 542 Quod
215 482 355 547 nequeunt
371 497 470 548 parere
487 484 517 534 et
534 484 616 550 partu
634 480 752 535 retinere
769 482 888 538 maritos

117 554 174 608 Sed
191 556 288 610 melius
306 555 381 624 quod
398 556 436 609 nil
454 556 550 609 animis
566 557 594 609 in
612 573 726 626 corpora
738 557 811 624 juris

117 631 224 685 Natura
240 631 372 700 indulget.
407 632 518 686 Steriles
535 633 696 700 moriuntur,
716 637 745 686 et
761 632 815 687 illis
930 647 966 687 140

117 707 237 776 'Purgida
254 725 308 762 non
325 708 438 778 prodest
456 707 566 763 condita
584 709 684 778 pyxide
702 707 784 777 Lyde,

116 782 142 835 N
144 800 175 838 ec
192 784 305 854 prodest
322 784 386 852 agili
403 783 508 853 palmas
524 784 655 853 praebere
673 785 801 853 Luperco.

150 860 225 916 Vicit
241 865 271 915 et
287 861 338 914 hoc
355 864 505 914 monstrum
523 861 636 914 tunicati
653 861 757 914 1110111110
772 862 895 930 Gracchi,

118 936 310 1006 Lustravitque
327 937 392 1005 fuga
409 937 529 990 mediam
547 936 684 1004 gladiator
700 952 811 992 arenam

116 1013 153 1068 nt
171 1014 329 1083 Capitolinis
345 1013 502 1081 generosior
518 1017 547 1067 et
564 1012 700 1066 Marcellis
928 1030 964 1070 14⁵

117 1090 153 1144 Et
171 1089 275 1144 Catulis
293 1090 434 1158 Paullique
452 1088 648 1143 minoribust
620 1093 648 1143 et
666 1088 760 1143 Fabiis
777 1093 807 1145 et

116 1165 246 1220 Omnibus
265 1165 301 1219 ad
318 1165 430 1253 podium
448 1165 642 1234 spectantibus.
680 1165 732 1218 His
750 1165 814 1220 licet
802 1167 922 1253 tipsum

117 1241 271 1296 Admoveas
287 1243 366 1311 cujus
383 1245 449 1296 tunc
466 1257 579 1295 munere
596 1241 667 1295 retia
684 1241 765 1295 misit.

10 1320 12 1324 '
115 1318 181 1374 Esse
198 1319 302 1387 aliquos
319 1335 412 1372 manes
429 1322 459 1372 et
476 1317 654 1371 subterranea
671 1333 756 1406 regna

115 1395 150 1449 Et
167 1400 277 1449 contum
295 1400 324 1448 et
342 1394 436 1462 Stygio
454 1410 535 1447 ranas
553 1394 581 1446 in
599 1393 709 1461 gurgite
727 1394 828 1462 nigras,
928 1410 964 1450 150

115 1473 207 1541 Atque
222 1489 276 1525 una
293 1471 409 1525 transire
429 1470 530 1524 vadum
547 1472 590 1524 tot
608 1469 692 1523 millia
709 1470 807 1525 cumba

114 1547 139 1600 N
141 1565 172 1602 ec
189 1548 267 1617 pueri
283 1547 407 1613 credunt,
427 1547 477 1600 nisi
495 1546 542 1615 qui
560 1545 683 1599 nondum
702 1563 766 1601 aere
782 1547 915 1604 lavantur.

114 1623 168 1678 Sed
186 1627 218 1677 tu
234 1640 299 1677 vera
316 1626 389 1691 puta.
419 1623 515 1676 Curius
536 1620 602 1690 quid
619 1622 705 1676 sentit
722 1627 751 1676 et
767 1623 848 1678 ambo

113 1699 267 1769 Scipiadae!
293 1699 360 1766 quid
379 1698 519 1752 Fabricius
536 1713 684 1766 manesque
702 1698 828 1754 Camillil

113 1774 185 1838 Quid
203 1775 347 1829 Cremerae
362 1773 433 1842 legio
451 1776 480 1828 et
497 1773 596 1827 Cannis
614 1777 753 1828 consumta
765 1773 903 1845 juventus
926 1793 961 1834 155

113 1850 164 1904 Το1
183 1850 315 1904 bellorum
334 1850 447 1916 animae,
466 1849 574 1918 quoties
590 1848 653 1903 hinc
670 1850 733 1903 talis
750 1849 787 1904 ad
798 1851 858 1905 illos

111 1925 217 1980 Umbra
233 1926 324 1980 reniti
357 1926 496 1995 Guperent
513 1925 631 1993 lustrari,
648 1925 670 1979 si
688 1943 743 1994 qua
760 1926 892 1983 darentur

112 2001 220 2056 Sulfura
237 2018 298 2054 cum
316 2001 405 2056 taedis
423 2005 452 2056 et
470 2002 492 2055 si
509 2002 580 2055 foret
597 2001 709 2056 humida
724 2001 823 2058 laumas.

112 2077 182 2132 Illuc
199 2078 253 2131 heu
270 2078 362 2132 miseri
381 2077 565 2132 traducimur!
604 2079 691 2131 Arma
708 2078 819 2145 quidem
834 2080 907 2136 111110

111 2153 206 2208 Litora
223 2154 362 2207 Juvernae
379 2155 561 2223 promovimus
579 2157 609 2208 et
625 2154 707 2208 modo
724 2157 819 2224 captas
924 2174 961 2213 100

111 2229 231 2283 Orcadas
248 2245 279 2283 ac
296 2228 409 2284 minima
425 2233 567 2284 contentos
584 2233 664 2283 nocte
682 2231 840 2286 Britannos:

110 2304 168 2360 Sed
186 2322 256 2374 quae
274 2322 346 2358 nunc
363 2305 456 2374 populi
475 2305 545 2359 fiunt
562 2305 671 2359 victoris
688 2307 717 2360 in
735 2307 811 2362 Urbe

111 2381 173 2435 Non
190 2382 296 2436 faciunt
313 2381 353 2434 illi
372 2398 439 2450 quos
457 2381 584 2435 vicimus:
609 2386 746 2436 ettamen
764 2401 834 2438 unus

112 2458 259 2512 Armenius
277 2456 384 2512 Zalates
401 2457 507 2512 cunctis
524 2461 652 2511 narratur
669 2458 782 2528 ephebis

10 2552 12 2562 '
110 2533 219 2587 Mollior
237 2532 345 2588 ardenti
362 2549 421 2587 sese
438 2533 582 2587 indulsisse
600 2533 726 2589 Tribuno.
923 2551 960 2592 100

111 2611 211 2678 Aspice
228 2609 296 2678 quid
313 2609 414 2664 faciant
431 2609 604 2664 commercia:
628 2615 740 2665 venerat
756 2611 844 2667 obses.

110 2685 165 2740 Hic
182 2685 253 2739 fiunt
270 2685 405 2740 homines:
429 2702 493 2740 nam
511 2686 534 2738 si
550 2702 627 2739 mora
644 2685 748 2755 longior
766 2688 871 2745 Urbem

110 2761 231 2816 Indulsit
247 2761 345 2830 pneris,
364 2777 418 2814 non
435 2778 555 2830 unquam
573 2761 663 2815 deerit
679 2766 798 2820 amator:

109 2838 259 2891 Mittantur
275 2836 396 2904 braccae,
414 2837 525 2905 cultelli,
542 2836 626 2904 frena,
644 2837 786 2907 flagellum

109 2913 155 2967 Sic
172 2915 360 2982 praetextatos
377 2913 501 2969 referunt
519 2915 658 2969 Artaxata
674 2931 769 2970 mores.
923 2932 960 2974 110
