2040 3510
393 165 525 214 SATIRA
542 163 624 213 XIII.
904 166 934 215 79

84 253 185 323 Magna
204 253 323 322 quidem,
341 253 425 307 saeris
442 269 512 321 quae
530 253 579 307 dat
597 256 744 323 praecepta
760 251 868 320 libellis,
892 267 896 273 ·

83 329 193 384 Victrix
210 330 336 383 fortunae
352 329 501 398 sapientia:
520 328 645 383 ducimus
662 333 755 383 autem
912 343 936 383 ao

84 404 145 459 Hos
163 421 271 475 quoque
291 405 383 460 felices
402 406 450 475 qui
467 406 538 459 ferre
557 404 728 459 incommoda
747 404 821 459 vitae

83 483 144 537 Nec
158 481 268 550 jactare
283 481 382 550 jugum
401 483 459 536 vita
477 482 598 536 didicere
616 482 754 550 magistra

85 560 161 626 Quae
178 563 236 613 tam
253 559 325 613 festa
344 558 402 613 dies
421 562 453 612 ut
472 562 561 613 cesset
578 559 696 628 prodere
713 558 810 626 furem,

84 634 241 703 Perfidiam,
258 634 376 703 fraudes,
396 639 481 704 atque
499 636 571 690 omni
590 653 623 690 ex
643 635 754 689 crimine
771 634 876 688 lucrum

85 711 254 779 Quaesitum,
272 714 302 765 et
318 714 413 779 partos
431 712 523 781 gladio
542 712 585 766 vel
605 711 707 781 pyxide
725 711 864 764 nummosi
911 724 936 762 rs

85 788 152 842 Rari
169 787 271 857 quippe
289 787 367 843 boni:
386 805 514 842 numerus
535 789 580 842 nix
599 791 642 842 est
659 786 775 842 totidem
793 792 860 855 quot
961 840 967 859 ,

83 863 238 918 'I'hebarum
256 868 353 932 portae
370 864 413 918 vel
431 865 523 919 divitis
542 865 612 918 ostia
628 863 691 917 Nih.

85 940 164 994 Nona
183 943 258 994 aetas
276 941 367 1008 agitur
384 941 535 1010 pejoraque
553 941 643 996 secuda
661 939 726 995 ferri

84 1015 269 1085 Temporibus,
289 1034 405 1086 quorum
427 1018 521 1072 sceleri
538 1034 592 1071 non
610 1017 713 1071 invenit
730 1016 791 1086 ipsa

83 1093 191 1147 Nomen
209 1095 239 1147 et
257 1110 274 1146 a
291 1093 365 1147 nullo
382 1095 472 1162 posuit
489 1098 587 1149 natura
604 1093 722 1148 metallo.
913 1105 936 1144 so

83 1169 142 1223 Nos
160 1168 300 1222 hominum
319 1169 467 1240 divumque
485 1170 568 1224 fidem
587 1171 703 1225 clamore
721 1169 832 1236 ciamus,

85 1246 194 1312 Quanto
214 1245 370 1300 Faesidium
388 1246 483 1301 laudat
501 1247 599 1301 vocalis
617 1250 744 1314 agentem

84 1320 220 1392 Sportula
258 1321 317 1388 Dic,
337 1322 427 1376 senior
443 1321 518 1397 bulla
536 1322 701 1392 dignissime,
717 1321 806 1376 neseis

86 1395 159 1461 Quas
176 1397 278 1453 habeat
296 1396 419 1453 Veneres
437 1399 525 1453 aliena
543 1400 675 1468 pecunia?
699 1399 786 1453 neseis

85 1472 173 1538 Quem
192 1478 241 1530 tua
260 1474 418 1544 simplicitas
435 1475 519 1529 risum
538 1476 619 1544 vulgo
639 1479 755 1540 moveat,
772 1491 856 1544 quum
910 1488 935 1529 so

85 1548 179 1618 Exigis
198 1568 214 1604 a
233 1567 369 1621 quoquam
390 1568 426 1605 ne
442 1551 556 1621 pejeret,
576 1555 604 1606 et
622 1554 702 1620 putet
719 1552 781 1605 ullis

85 1625 153 1681 Esse
170 1627 281 1696 aliquod
300 1644 400 1682 numen
419 1629 528 1697 templis
546 1644 664 1697 araeque
684 1627 809 1682 rubenti?

86 1701 228 1768 Quondam
248 1704 299 1758 hoo
318 1704 463 1772 indigenae
482 1705 610 1759 vivebant
628 1721 711 1774 more,
727 1704 884 1774 priusquam

85 1775 211 1834 Sumeret
230 1783 366 1848 agrestem
385 1780 474 1848 posito
492 1780 647 1835 diademate
665 1781 761 1836 falcem

85 1854 217 1910 Saturnus
237 1857 353 1926 fugiens,
371 1860 437 1911 tunc
456 1874 541 1926 quum
560 1856 717 1926 virgrmcula
733 1857 807 1910 Juno
912 1870 935 1911 ro

84 1930 123 1986 Et
142 1932 266 2000 privatus
287 1931 376 1986 adhue
395 1933 487 1987 Idaeis
505 1933 636 2004 Iuppiter
656 1933 749 2001 antris,

84 2009 167 2063 Nulla
186 2025 269 2077 super
288 2009 373 2063 nubes
392 2009 514 2065 convivia
532 2010 725 2077 caelicolarum,

84 2085 143 2139 Nee
163 2101 232 2155 puer
252 2085 359 2152 Iliacus,
378 2087 496 2140 formosa
515 2102 566 2141 nec
584 2086 711 2140 Herculis
728 2101 798 2139 uxor

84 2161 132 2217 Ad
151 2161 270 2231 cyathos,
291 2165 320 2216 et
335 2162 395 2231 jam
417 2162 516 2217 siccato
535 2165 645 2217 nectara
663 2166 773 2231 tergens

84 2235 201 2292 Brachia
220 2236 360 2292 Vulcanus
377 2239 510 2308 Liparaea
528 2240 607 2308 nigra
625 2240 745 2294 taberna

84 2312 244 2370 Prandebat
261 2314 312 2369 sibi
331 2315 447 2384 quisque
465 2314 540 2383 deus,
560 2331 611 2369 nec
629 2317 711 2370 turba
730 2315 844 2370 deorum

84 2388 156 2443 'l'alis
175 2393 207 2444 ut
226 2394 269 2445 est
287 2391 376 2458 hodie,
394 2394 576 2461 contentaque
596 2391 687 2447 sidera
705 2392 798 2461 paucis

83 2463 248 2521 Numinibus
267 2466 396 2521 miserum
413 2468 549 2535 urgebant
568 2467 684 2522 Atlanta
701 2468 797 2521 minori

85 2541 215 2597 Pondere.
252 2542 382 2597 Nondum
399 2542 496 2612 aliquis
515 2545 630 2598 sortitus
648 2544 729 2598 triste
747 2543 877 2614 profundi

85 2617 235 2688 Imperium
257 2625 306 2673 aut
326 2619 417 2673 Sicula
434 2623 529 2674 torvus
548 2637 610 2674 cum
629 2620 743 2689 conjuge
762 2620 877 2684 Pluton;
911 2635 935 2674 ro

83 2693 143 2748 Nec
161 2698 231 2763 rota,
250 2712 300 2749 nec
321 2695 429 2762 Furiae,
447 2713 497 2750 nec
517 2713 611 2751 saxum
630 2699 678 2751 aut
696 2695 813 2750 vulturis
830 2696 885 2750 atri

85 2769 193 2835 Poena,
215 2771 264 2825 sed
282 2771 395 2827 infernis
413 2771 513 2827 hilares
534 2772 592 2827 sine
611 2773 723 2842 regibus
742 2772 864 2828 umbrae.

85 2846 252 2915 Improbitas
270 2847 316 2901 illo
334 2847 387 2902 fuit
407 2848 573 2903 admirabilis
591 2866 664 2904 aevo.

85 2921 242 2977 Credebant
261 2923 311 2978 hoc
329 2924 436 2993 grande
456 2925 533 2979 nefas
549 2929 578 2980 et
597 2928 686 2980 morte
706 2925 843 2996 piandum,

84 2998 115 3055 Si
128 2998 238 3068 juvenis
257 3001 348 3055 vetulo
366 3018 420 3055 non
440 3005 627 3057 assurrexerat
645 3005 675 3057 et
694 3003 717 3055 si
914 3017 937 3055 ss

85 3074 207 3130 Barbato
225 3076 376 3146 cuicunque
396 3094 473 3148 puer,
495 3077 561 3133 lieet
578 3078 639 3148 ipse
656 3078 769 3132 uideret.

81 3148 166 3204 Plura
184 3150 258 3206 domi
278 3152 358 3225 haga
377 3159 408 3211 et
428 3154 554 3227 majores
574 3152 689 3224 gissus
706 3163 846 3230 marnas..

76 3222 141 3278 Tam
162 3229 331 3307 venerabile,
348 3237 415 3293 erat
434 3231 617 3308 praecedere
635 3230 766 3300 quatuos
784 3228 889 3275 sums
