2040 3510
393 162 527 213 SATIRA
544 163 581 212 II.
600 162 653 213 ΙΙΙ.
900 147 946 198 109

103 255 165 310 Non
183 255 268 323 possit
285 253 377 320 magni
393 251 527 305 Messalae
544 251 618 320 lippa
635 267 768 321 propago;

104 331 289 400 Compositum
303 329 350 396 jus
368 329 461 397 fasque
479 329 576 395 animo,
593 332 754 396 sanctosque
771 343 894 381 recessus

103 407 211 472 Mentis,
230 410 259 460 et
276 405 412 459 incoctum
430 422 560 474 generoso
578 408 674 473 pectus
691 404 820 457 honestol

104 481 181 536 Haec
198 481 266 536 cedo
283 486 316 537 ut
332 482 492 535 admoveam
509 481 629 550 templis,
648 484 679 535 et
695 480 768 534 iarrc
785 477 876 533 litabo,
924 491 948 530 rs

387 677 659 686 Ἥ

418 813 560 869 SATIRA
580 815 637 869 III.

100 937 127 990 N
129 951 206 990 nura
224 936 292 990 haec
309 935 430 989 assidue:
451 935 510 1003 jam
529 934 630 988 clarum
648 951 727 988 mane
745 935 879 990 fenestras

102 1012 193 1066 Intrat
210 1017 240 1066 et
257 1015 386 1079 angustas
404 1009 529 1063 extendit
546 1010 647 1064 lumine
665 1011 760 1064 rimas:

101 1088 247 1141 Stertimus
264 1087 427 1140 indomitum
445 1087 519 1154 quod
536 1086 699 1155 despumare
717 1087 862 1140 Falernum

102 1165 230 1231 Sufficiat,
249 1165 344 1233 quinta
361 1163 427 1216 dum
445 1163 518 1216 linea
535 1163 658 1231 tangitur
674 1163 779 1217 umbra.

101 1241 247 1310 “linquid
266 1241 341 1308 agisl
364 1240 450 1294 siccas
467 1240 562 1293 insana
580 1240 708 1294 Canicula
727 1257 828 1294 messes
936 1256 949 1294 s

101 1319 120 1372 J
122 1335 165 1372 am
178 1318 282 1372 dudum
294 1317 394 1386 coquit,
405 1321 434 1371 ct
445 1318 540 1385 patula
548 1334 631 1386 pecus
640 1333 720 1370 omne
729 1316 780 1370 sub
789 1318 862 1370 ulmo
874 1320 928 1371 est:
941 1319 948 1343 ’

100 1395 179 1449 Unus
197 1396 235 1448 ait
254 1395 390 1448 comitum.
425 1393 601 1448 “Verumnel
624 1394 715 1448 itancl
739 1394 812 1448 ocius
830 1393 904 1447 adsit

102 1471 164 1525 Huc
182 1471 292 1538 aliquis:
315 1471 458 1524 nemon’l'’
495 1470 636 1538 Turgescit
653 1470 741 1523 vitrea
758 1469 826 1537 bilis,

102 1547 235 1612 Finditur,
256 1547 392 1601 Arcadiae
410 1547 536 1616 pecuaria
554 1546 653 1600 rudere
671 1545 753 1600 dicas.

101 1623 119 1676 J
122 1639 166 1675 am
183 1622 252 1675 liber
270 1625 300 1676 et
318 1622 419 1676 bicolor
437 1623 531 1692 positis
548 1621 706 1675 membrana
723 1621 833 1690 capillis,
927 1636 950 1673 ιο

102 1699 191 1768 inque
209 1715 305 1752 manus
323 1698 434 1752 chartae
453 1698 610 1764 nodosaque
629 1699 704 1752 venit
720 1698 833 1751 arunde.

102 1775 176 1829 'lunc
195 1776 318 1843 queritur
336 1791 443 1829 crassus
461 1774 563 1828 calamo
581 1775 653 1841 quod
671 1774 793 1844 pendeat
810 1774 914 1842 humor,

102 1852 189 1921 Nigra
207 1852 280 1920 quod
299 1851 389 1905 infusa
406 1853 534 1905 vanescat
553 1851 627 1919 sepia
644 1851 755 1920 lympha
761 1871 769 1916 ;

102 1929 210 1982 Dilutas
229 1929 353 1997 queritur
370 1927 491 1996 geminet
509 1926 583 1995 quod
601 1927 693 1981 fistula
708 1930 810 1995 guttas.

103 2005 127 2057 Ο
145 2006 234 2072 miser,
252 2006 335 2074 inque
353 2004 412 2057 dies
429 2004 502 2058 ultre
519 2003 611 2070 miser,
627 2003 741 2057 huccine
758 2019 850 2057 rerum
925 2007 949 2043 ¹⁵

101 2082 250 2135 Venimusl
276 2086 306 2136 at
323 2098 371 2135 cur
388 2097 442 2133 nou
460 2081 558 2150 potius,
578 2086 727 2148 teneroque
746 2077 870 2133 columbo

103 2159 140 2212 ut
157 2159 251 2211 similis
268 2176 362 2227 regum
380 2157 480 2227 pueris,
499 2173 620 2226 pappare
637 2157 771 2210 minutum

104 2235 202 2302 Poscis,
220 2240 249 2290 et
266 2236 353 2289 iratus
371 2251 506 2288 mammae
524 2234 617 2287 lallare
635 2234 761 2287 recusasl

102 2312 164 2364 “An
182 2311 231 2366 tali
249 2311 375 2365 studeam
393 2311 532 2365 calam0l”
569 2310 619 2364 Cui
636 2310 736 2363 verbal
760 2308 827 2378 quid
844 2309 913 2363 istas

103 2388 223 2442 Succinis
241 2388 388 2455 ambages?
411 2386 463 2442 tibi
480 2387 599 2453 luditur3
623 2387 709 2440 effluis
728 2401 835 2452 amens;
928 2399 951 2437 ao

104 2464 296 2519 Contemnere:
322 2467 401 2517 sonat
420 2464 516 2517 vitium
535 2481 670 2531 percussa,
690 2463 808 2531 maligne

104 2540 262 2611 Respondet
280 2539 359 2593 viridi
377 2556 430 2594 uon
448 2544 526 2595 cocta
542 2539 634 2593 fidelia
650 2540 721 2594 limo.

103 2617 197 2672 Udum
209 2622 238 2672 et
250 2615 330 2669 molle
343 2616 431 2669 lutum
443 2634 480 2683 cs,
492 2633 570 2682 nuno,
578 2633 649 2670 nunc
661 2616 850 2685 properandus
858 2619 887 2670 et
895 2616 951 2670 acri

104 2693 260 2762 Fingendus
278 2693 335 2745 sine
354 2694 408 2746 fine
426 2698 493 2748 rota
528 2693 584 2748 Sed
600 2710 664 2746 rure
681 2699 796 2762 paterno

105 2770 155 2823 list
172 2770 223 2824 tibi
240 2771 281 2823 far
300 2769 443 2838 modicum,
456 2788 554 2839 purum
571 2774 600 2825 et
617 2770 675 2823 sinc
693 2770 754 2822 labe
771 2769 893 2830 salinum,
928 2783 951 2822 ae

104 2845 189 2914 (Quid
206 2847 338 2913 metuasl)
358 2847 513 2916 cultrixque
530 2847 582 2901 foci
600 2862 696 2901 secura
713 2845 828 2915 patella:

107 2921 168 2975 Hoc
185 2923 261 2977 satis.
297 2923 343 2977 Au
362 2923 457 2978 deceat
474 2925 629 2994 pulmonem
647 2939 775 2991 rumpere
792 2921 889 2989 ventis,

107 2996 256 3054 Stemmata
274 3000 349 3070 quod
367 3001 453 3054 Tusco
471 3019 576 3055 ramum
594 2999 736 3054 millesime
754 2998 839 3066 ducis,

106 3075 252 3131 Censorem
269 3077 375 3132 fetuum
393 3078 436 3133 vel
454 3079 528 3149 quod
546 3078 672 3133 trabeate
688 3077 814 3130 solutast
876 3143 883 3152 1

105 3153 153 3206 Ad
163 3152 298 3224 populum
309 3154 450 3227 phaleras,
460 3156 653 3227 egoteiutus
662 3151 907 3206 estuantem.
960 3147 994 3178 ss

97 3228 161 3282 Non
181 3229 273 3299 pudet
291 3231 330 3288 ad
349 3249 462 3291 morem
480 3231 621 3293 discincti
633 3227 742 3281 uisere
750 3216 886 3270 natae.
