2040 3510
429 172 563 224 suumn
578 173 613 223 X.
912 173 943 222 65

97 261 262 329 Prandente,
279 262 311 316 et
328 259 446 315 madidis
464 263 558 317 mutat
576 277 647 330 quae
666 261 805 317 Sostratus
816 261 872 317 alis

96 338 150 392 Ille
168 341 261 392 minen
280 337 368 406 qualis
386 336 470 391 rediit
489 337 625 393 Salamine
645 338 749 403 relicta,
887 401 889 405 y

95 414 132 469 In
151 413 251 469 Corum
270 417 354 482 atque
373 413 476 466 Eurum
491 413 588 467 solitus
608 415 711 468 saevire
730 414 843 482 flagellis
904 427 942 467 uso

95 489 240 557 Barbarus
261 488 358 542 Aeolio
378 504 516 557 nunquam
531 489 582 544 boo
603 490 631 543 in
652 506 761 543 carcere
779 504 880 558 passos,

94 566 190 636 Ipsum
207 560 383 634 compedibus
400 564 448 632 qui
465 565 591 619 vinxerat
609 564 826 632 Ennosigaeuml

93 641 190 695 Mitius
206 641 236 695 id
253 658 318 695 sane
336 641 409 709 quod
426 659 481 696 non
498 645 527 695 et
544 642 674 708 stigmate
693 639 806 707 dignum

93 716 226 771 Credidit.
264 718 337 772 Huic
355 718 499 787 quisquam
517 717 601 770 vellet
618 716 719 770 servire
738 715 862 770 deorum!
936 754 939 763 .

92 792 150 849 Sed
167 794 255 862 qualis
273 793 373 848 rediitl
396 811 494 863 nempe
512 809 657 860 unamve,
677 791 796 846 cruentis
906 808 942 847 ree

93 868 243 935 Fluctibus,
260 887 291 924 ac
308 870 390 925 tarda
406 887 457 940 per
475 870 559 923 densa
576 869 708 923 cadavera
725 884 815 937 prora.

93 944 154 1000 Has
170 947 253 1001 toties
271 950 367 1015 optata
384 945 476 1013 exegit
493 944 578 1012 gioria
595 949 709 1013 poesim!

126 1021 191 1076 “Da
208 1023 326 1092 spatium
344 1023 425 1088 vitae,
443 1021 543 1074 multos
560 1021 603 1087 da,
621 1021 758 1091 luppiter,
776 1022 895 1076 annos!'’

92 1096 154 1152 Hoc
170 1102 246 1153 recto
264 1099 342 1153 snitu
359 1099 453 1166 solum,
471 1097 522 1151 hoc
539 1101 568 1152 et
584 1097 703 1167 pallidus
720 1102 806 1167 optas.

91 1173 148 1228 Sed
164 1192 246 1243 qnam
264 1175 398 1230 continuis
415 1178 445 1228 et
462 1174 572 1243 quantis
588 1174 669 1242 longa
686 1178 811 1228 senectus
904 1190 940 1228 1so

92 1249 176 1305 Plena
187 1251 278 1306 malis!
314 1250 470 1305 Deformem
483 1255 512 1304 et
524 1252 627 1304 tetrum
639 1254 704 1304 aute
716 1251 805 1304 omnia
815 1250 921 1304 vultum

90 1325 310 1398 Dissimilemque
328 1327 377 1391 sui,
396 1326 545 1380 deformem
562 1343 612 1395 pro
630 1329 693 1381 oute
709 1327 808 1395 pellem

92 1401 301 1473 Pendentesque
317 1400 400 1472 genas
418 1407 447 1457 et
464 1404 533 1457 tales
550 1404 641 1472 aspice
658 1420 748 1472 rugas,
786 1457 789 1461 ,

91 1477 199 1547 Quales,
217 1479 380 1534 umbriferos
397 1478 444 1532 ubi
462 1479 559 1548 pandit
576 1479 696 1533 Tabraca
713 1479 805 1547 saltus,

93 1552 126 1611 ln
144 1555 236 1609 vetula
252 1555 351 1624 scalpit
362 1554 422 1623 jam
440 1559 527 1610 mater
544 1555 623 1609 simia
639 1555 731 1609 bucca.
903 1573 938 1612 195

91 1629 211 1684 Plurima
228 1634 291 1685 sunt
304 1630 437 1699 juvenum
454 1631 621 1686 discrimina:
645 1632 764 1700 pulcrior
779 1632 824 1685 ille

91 1704 159 1772 Hoc,
177 1710 262 1776 atque
277 1706 323 1761 ille
339 1707 408 1774 alio;
430 1708 547 1762 multum
564 1708 608 1762 hic
626 1708 763 1761 robustior
780 1708 839 1760 illo:

91 1779 154 1835 Una
171 1798 265 1836 senum
281 1783 369 1851 facies,
388 1800 448 1838 cum
466 1798 531 1838 voce
547 1785 694 1838 trementia
710 1783 834 1837 membre

90 1857 127 1911 lot
140 1856 200 1926 jam
217 1859 276 1913 leve
292 1864 375 1930 capus
391 1860 550 1929 madidique
567 1860 681 1916 infantia
698 1859 762 1913 nasi.

90 1933 267 2004 Frangendus
283 1936 381 1990 misero
398 1936 508 2004 gingiva
524 1938 601 2006 panis
619 1937 726 1990 inermi:
900 1951 937 1992 eoo

89 2010 185 2081 Usque
202 2011 271 2066 adeo
287 2012 378 2080 gravis
394 2013 474 2066 uxori
491 2015 618 2081 natisque
635 2012 741 2080 sibique

88 2085 128 2141 Ut
146 2088 278 2156 captatori
293 2091 402 2142 moveat
419 2087 528 2143 fastidia
547 2088 636 2143 Cosso.

87 2160 149 2217 Non
167 2164 263 2218 eadem
280 2165 335 2220 vini
352 2168 437 2234 atque
454 2164 508 2219 cibi
525 2168 653 2234 torpente
670 2166 760 2234 palato

86 2237 208 2295 Gaudia:
229 2258 293 2296 nam
311 2241 399 2296 coitus
412 2241 472 2309 jain
488 2242 569 2309 longa
586 2241 700 2307 oblivio;
722 2241 764 2295 vel
782 2242 805 2295 si
899 2306 903 2314 ο

86 2315 206 2386 Generis,
220 2316 297 2386 jacet
315 2317 430 2386 exiguus
448 2333 510 2372 cum
528 2318 629 2372 ramice
647 2334 752 2386 nervus,
899 2335 934 2375 eos

85 2390 123 2446 Flt
140 2393 264 2463 quamvis
281 2396 342 2448 tota
359 2394 487 2463 palpetur
504 2397 586 2448 nocte
600 2392 712 2462 jacebit

85 2467 167 2523 Anne
185 2470 417 2540 aliquidspcrare
435 2473 527 2539 potest
545 2470 612 2524 haec
630 2470 748 2538 inguinis
766 2473 840 2540 aegri

85 2544 223 2601 Canities?
247 2546 320 2616 quid,
339 2547 413 2614 quod
431 2546 529 2600 merito
548 2548 674 2616 suspecta
692 2545 777 2600 libido
795 2552 838 2602 est

84 2621 161 2687 Quae
179 2623 317 2678 Venerem
335 2623 446 2677 affectat
464 2623 522 2677 sine
541 2622 650 2675 viribus.
686 2623 787 2691 Aspice
804 2626 892 2692 partis

84 2698 162 2752 Nunc
174 2698 303 2753 damnum
315 2699 439 2753 alterius:
451 2715 514 2752 nam
527 2714 596 2767 quae
608 2701 736 2752 cantante
747 2699 880 2769 voluptas,
896 2717 933 2756 210

82 2773 125 2828 Sit
143 2774 209 2828 licet
226 2775 342 2829 eximius
361 2774 534 2829 citharoedus
552 2775 622 2828 sitve
642 2774 777 2841 Seleucus,

83 2849 120 2904 Et
139 2850 237 2919 quibus
253 2854 351 2907 aurata
368 2868 427 2906 mos
444 2856 488 2906 est
504 2851 609 2919 fulgere
626 2851 750 2905 lacerna?

82 2924 156 2989 Quid
173 2928 260 2983 refert
277 2928 369 2997 magni
389 2928 484 2982 sedeat
503 2944 557 2997 qua
575 2931 654 2996 parte
672 2926 781 2994 theatri,

82 3001 136 3066 Qui
153 3002 199 3057 vix
216 3005 366 3059 cornicines
384 3004 515 3059 exaudiet
533 3008 616 3072 atque
635 3004 764 3058 tubarum

82 3078 253 3136 Oenoentusl
276 3081 394 3137 clamore
413 3097 482 3152 opus
500 3083 597 3136 estut
614 3079 818 3135 sentiatanixs
908 3091 953 3124 m

80 3152 165 3216 Quem
184 3155 259 3213 dicet
277 3159 386 3217 veniae
405 3176 486 3232 puer,
506 3161 580 3229 quot
596 3156 719 3212 nuncies
731 3153 837 3203 noras.
895 3211 904 3222 ι

68 3226 221 3360 Pfflglgvfflfl
236 3233 376 3294 minimus
394 3237 496 3310 gelido
517 3236 584 3308 iarn
601 3235 637 3290 in
655 3241 784 3298 serpere
803 3225 944 3322 m’ffia
