2040 3510
113 194 144 242 52
347 189 379 237 D.
396 188 415 237 J
420 187 502 238 UNII
519 184 728 238 JUVENALIS

114 279 203 343 Quum
222 277 312 332 Pansa
328 276 428 345 eripiat
445 275 579 344 quidquid
596 275 648 329 tibi
666 275 753 330 Natta
770 277 898 346 reliquitl
938 293 964 332 us

113 354 287 421 Praeconem,
308 351 468 420 Chaerippo,
479 352 543 404 'tuis
561 352 738 422 circumspice
754 354 858 422 pannis,

112 431 231 498 Jamque
249 434 323 483 tace:
342 428 419 480 furor
435 432 478 481 est
496 430 558 495 post
576 429 667 482 omnia
684 429 801 497 perdere
818 429 936 484 naulum.

113 507 174 559 Non
192 505 266 559 idem
283 503 401 573 gemitus
418 502 483 556 olim
500 519 590 572 neque
608 505 705 558 vulnus
723 508 784 558 erat
800 521 852 574 par

112 582 287 648 Damnorum,
306 580 384 633 sociis
403 578 564 632 florentibus
582 583 611 634 et
627 580 710 634 modo
728 581 815 635 victis.

112 658 196 712 Plena
215 657 311 710 domus
329 660 395 710 tunc
413 656 508 723 omnis,
526 657 557 709 et
572 656 669 724 ingens
686 657 779 711 stabat
796 674 910 712 acervus
926 673 963 712 roo

110 733 297 798 Nummorum,
317 732 452 802 Spartana
470 731 597 801 chlamys,
615 734 753 802 conchylia
772 733 834 800 Coa,

111 810 147 863 Et
165 825 226 863 cum
245 807 383 862 l'arrhasii
401 806 502 862 tabulis
521 808 658 878 signisque
676 809 797 878 Myronis

111 884 270 939 Phidiacum
288 884 400 938 vivebat
418 883 500 950 ebur;
525 900 645 938 necnon
664 886 793 954 Polycleti

110 962 214 1015 Multus
233 959 335 1028 ubique
353 959 444 1024 labor;
469 976 548 1014 rarae
565 960 623 1014 sine
641 963 768 1016 Mentore
785 976 903 1016 mensae.

110 1037 179 1090 Inde
192 1035 334 1091 Dolabella
351 1039 394 1089 est
411 1040 495 1104 atque
512 1035 575 1090 hinc
594 1039 739 1105 Antonius,
757 1037 822 1091 inde
924 1053 960 1092 ros

109 1114 260 1181 sacrilegus
278 1112 393 1166 Verres:
417 1111 573 1166 referebant
589 1112 703 1166 navibus
720 1113 784 1167 altis

109 1189 224 1243 Occulta
242 1187 327 1256 spolia
344 1190 373 1240 et
390 1188 483 1256 plures
501 1189 537 1241 dc
553 1205 621 1256 pace
640 1189 800 1258 triumphos.

110 1267 188 1320 Nunc
206 1265 287 1319 sociis
300 1262 370 1332 juga
387 1280 476 1333 pauca
493 1263 584 1332 boum,
602 1281 670 1333 grex
688 1281 787 1335 parvus
804 1280 935 1334 equanam

108 1343 146 1396 Et
163 1345 244 1410 pater
261 1340 379 1394 armenti
397 1344 479 1409 capto
496 1340 629 1408 eripietur
647 1341 734 1410 agello
739 1361 746 1406 ;

108 1419 166 1487 Ipsi
185 1417 284 1471 deindo
303 1417 393 1483 Lares,
412 1415 526 1486 siquod
545 1417 694 1486 spectabile
712 1417 827 1486 signum,
922 1434 959 1472 uo

107 1496 136 1550 si
154 1495 214 1563 quis
232 1495 260 1547 in
279 1493 403 1548 aedicula
420 1492 487 1547 deus
504 1493 607 1546 unicus.
645 1494 722 1548 Haec
740 1495 840 1548 etenim
859 1497 924 1548 sunt

107 1573 161 1630 Pro
175 1571 298 1638 summis,
317 1587 380 1623 nam
397 1573 461 1624 sunt
478 1569 546 1624 haec
562 1570 687 1624 maxima.
724 1570 864 1641 Despicias
880 1572 909 1624 tu

106 1648 233 1702 Forsitan
250 1646 373 1701 imbelles
392 1646 513 1700 Rhodios
531 1650 694 1715 unctamque
714 1646 888 1701 Corinthum:

106 1724 247 1793 Dcspicias
264 1724 369 1779 merito.
406 1722 479 1788 Quid
495 1723 617 1777 resinata
629 1721 761 1791 juventus

106 1800 248 1870 Oruraque
265 1800 350 1855 totius
367 1799 469 1854 facient
487 1799 539 1853 tibi
555 1797 626 1852 levia
643 1799 749 1867 gentisl
921 1815 957 1852 us

107 1876 229 1931 Horrida
246 1876 359 1931 vitanda
377 1879 419 1930 est
438 1875 579 1945 Hispania,
595 1875 717 1930 Gallicus
732 1873 791 1928 axis

106 1953 300 2022 Illyricumque
317 1953 402 2006 latus:
420 1968 503 2021 parce
521 1954 551 2004 ct
568 1951 731 2005 messoribus
749 1953 808 2015 illis,

105 2030 159 2094 Qui
177 2033 303 2084 saturant
323 2027 427 2082 Urbem
448 2027 527 2081 (lirco
547 2043 699 2095 scenaeque
717 2030 868 2082 vacantem.

105 2107 213 2170 Quanta
230 2109 323 2160 autem
341 2104 405 2158 inde
422 2104 493 2158 feres
511 2107 568 2157 tam
587 2102 664 2156 dirae
681 2102 803 2172 praemia
819 2104 923 2174 culpae,

105 2183 194 2246 Quum
210 2186 308 2236 tenues
325 2197 414 2250 nuper
430 2179 535 2233 Marius
554 2178 714 2232 discinxerit
731 2180 831 2234 Afrosl
919 2197 955 2236 rao

104 2259 261 2313 Curandum
279 2256 412 2326 imprimis
429 2272 465 2309 nc
482 2270 580 2323 magna
597 2253 698 2324 injuria
715 2255 764 2310 fiat

104 2336 233 2390 Fortibus
252 2338 280 2388 et
292 2332 411 2386 miseris:
430 2331 510 2386 tollas
522 2331 586 2385 licet
598 2347 678 2385 omno
692 2331 768 2400 quod
778 2349 893 2402 usquam
910 2339 954 2389 est

106 2411 177 2465 Auri
195 2415 279 2477 atque
296 2407 411 2476 argenti,
429 2411 536 2462 scutum
554 2406 732 2477 gladiumque
749 2409 886 2478 relinques

103 2489 140 2542 Et
153 2485 246 2555 jacula
263 2489 292 2538 et
309 2485 427 2554 galeam:
452 2483 575 2552 spoliatis
592 2499 669 2537 arma
686 2489 839 2554 supersunt.

138 2561 217 2629 Quod
233 2561 315 2614 modo
332 2559 461 2629 proposui
478 2576 533 2613 non
551 2563 593 2614 est
611 2559 760 2615 sententia:
780 2577 875 2615 verum
917 2577 953 2617 125

104 2639 216 2696 Credite
233 2654 277 2691 me
295 2637 371 2691 vobis
389 2637 482 2691 folium
499 2637 615 2691 recitare
634 2637 756 2706 Sibyllae.

102 2716 131 2770 Si
149 2714 202 2769 tibi
220 2717 313 2767 sancta
331 2713 426 2767 cohors
445 2713 583 2781 comitum,
602 2714 626 2767 si
644 2730 725 2767 nemo
742 2712 861 2768 tribunal

102 2791 208 2846 Vendit
229 2793 430 2858 Acersecomes,
451 2790 474 2843 si
493 2789 597 2843 nullum
615 2790 644 2843 in
663 2789 778 2859 conjuge
796 2789 906 2858 crimen,

102 2869 161 2922 Nec
179 2884 229 2936 per
248 2869 395 2920 conventus
415 2869 444 2920 et
463 2870 562 2920 cuncta
579 2883 630 2936 per
649 2865 752 2935 oppida
770 2866 859 2919 curuis

102 2944 245 3012 Unguibus
264 2944 304 2997 ire
323 2946 404 3013 parat
422 2959 546 2997 nummos
565 2945 679 3011 raptura
698 2940 829 3004 Celaen03
915 2958 951 3000 rao

105 3023 182 3075 Tunc
200 3021 297 3074 liceta
316 3019 381 3073 Pico
399 3035 525 3073 numeres
543 3034 637 3087 genus,
656 3018 766 3087 altaque
784 3017 808 3070 si
825 3021 856 3072 te

91 3097 215 3147 Nomina
235 3095 379 3150 delectant
398 3110 506 3149 ornnem
526 3094 652 3149 'litanida
669 3110 788 3164 pugnam

75 3164 162 3216 Inter
177 3169 307 3236 majores
326 3172 479 3243 ipsumque
501 3171 670 3227 Promethea
685 3187 785 3240 ponas:

51 3232 103 3282 1²⁰
124 3254 308 3314 quoeunque
331 3246 413 3305 uoles
430 3264 577 3321 proauum
597 3245 653 3305 tibi
671 3246 777 3304 sumito
790 3245 877 3300 libro.
