2040 3510
84 203 98 248 4
314 199 346 249 D.
365 198 382 248 J
387 199 470 249 UNII
487 198 505 246 J
509 197 696 248 UVENALIS

83 289 180 357 Nuper
197 287 226 342 in
243 288 314 343 banc
331 288 427 342 urbem
445 286 562 357 pedibus
581 288 630 356 qui
648 290 762 342 venerat
777 285 863 350 albis;

83 364 309 433 Quandoquidem
327 364 400 418 inter
415 380 464 419 nos
485 364 654 419 sanctissima
672 362 830 419 divitiarum

83 440 228 508 Majestcs:
247 441 299 495 etsi
317 441 427 494 funesta
440 440 560 494 Pecunia
576 439 681 509 templo

83 517 210 570 Nondum
226 517 343 585 habitas,
366 515 455 570 nullas
473 533 645 571 nummorum
663 516 800 570 ereximus
818 532 888 584 aras,

83 593 124 646 Ut
145 593 243 647 colitur
263 593 320 646 Pax
339 598 423 662 atque
444 592 533 660 Fides,
553 592 685 662 Victoria,
704 593 809 659 Virtus,
897 601 940 646 115Ι

83 669 214 738 Quaeque
233 669 352 723 salutato
371 670 490 738 crepitat
512 669 664 724 Concordia
681 668 753 723 nido.

83 744 138 798 Sed
150 762 235 814 quum
254 762 376 799 summus
397 746 482 799 honor
499 746 577 799 finito
598 748 738 814 computet
757 761 836 812 anno,

82 821 210 890 Sportula
230 821 299 890 quid
316 821 426 890 referat,
445 825 578 891 quantum
598 820 750 875 rationibus
770 821 863 887 addat,

83 896 155 963 Quid
167 897 268 951 facient
279 898 399 963 comites,
412 898 511 966 quibus
522 897 585 955 hinc
596 899 668 965 toga,
679 897 786 950 calceus
797 896 860 950 hinc
871 899 915 951 est

82 974 120 1028 Et
137 974 216 1042 panis
236 973 381 1042 fumusque
401 973 493 1030 domii
530 973 699 1028 Densissima
718 976 827 1027 centum
897 988 935 1028 mo

83 1049 255 1114 Quadrantes
275 1050 372 1105 lectica
390 1052 468 1121 petit,
487 1050 666 1119 sequiturque
686 1049 815 1103 maritum

82 1127 224 1195 Languida
243 1128 287 1181 vel
303 1144 456 1196 praegnans
476 1132 506 1181 et
525 1126 738 1180 circumducitur
758 1143 834 1180 uxor.

82 1203 137 1257 Hic
157 1203 228 1272 petit
247 1203 362 1271 absenti,
380 1207 447 1258 nota
459 1203 518 1272 jam
537 1203 652 1257 callidus
672 1206 740 1268 arte,

83 1280 239 1333 Ostendens
257 1296 368 1333 vacuam
387 1284 417 1334 et
437 1280 556 1334 clausam
571 1296 621 1348 pro
640 1279 755 1347 conjuge
773 1278 872 1335 sellam

82 1355 183 1410 “Galla
202 1373 263 1409 mea
282 1356 348 1424 est,”
369 1356 476 1425 inquit;
490 1356 592 1411 “citius
604 1355 730 1420 dimittc3
747 1357 883 1411 moraris.'’
898 1372 934 1411 12⁵

82 1432 206 1499 “Profer,
225 1433 310 1498 Galla,
329 1433 437 1502 caput.”
473 1432 557 1486 “Noli
575 1448 684 1499 vexare,
705 1431 845 1500 quiescit.’'

83 1509 147 1577 lpse
166 1508 226 1561 dies
244 1508 339 1576 pulcro
360 1509 537 1577 distinguitur
557 1507 653 1561 ordine
671 1523 777 1562 rerum:

82 1584 218 1653 Sportula,
241 1584 341 1639 deinde
360 1586 455 1649 forum,
473 1585 600 1654 jurisque
619 1583 726 1654 peritus
748 1584 849 1653 Apollo

82 1664 176 1728 Atque
198 1660 386 1730 triumphales,
407 1662 481 1715 inter
501 1677 569 1730 quas
588 1676 669 1713 ausus
687 1659 789 1713 habere

49 1737 182 1811 ssNescio
202 1737 264 1806 quis
282 1738 378 1792 titulos
398 1739 551 1808 Aegyptius
571 1740 654 1806 atque
674 1735 855 1805 Arabarches,
897 1752 934 1792 iso

81 1813 168 1881 ,Cujus
190 1814 227 1867 ad
246 1813 362 1882 effigiem
381 1831 434 1867 non
454 1817 563 1868 tantum
581 1813 683 1867 meiere
700 1812 742 1866 ias
761 1817 810 1868 est.
831 1823 904 1884 ζῶν

82 1889 234 1943 vestibulis
255 1889 358 1944 abeunt
372 1895 480 1945 veteres
497 1889 616 1959 lassique
635 1889 748 1943 clientes

82 1964 211 2033 Votaque
230 1965 383 2034 deponunt:
406 1982 560 2035 quanquam
579 1964 736 2032 longissima
754 1981 854 2019 coenae

84 2042 151 2110 Spes
171 2040 285 2095 homini:
306 2042 392 2095 caulis
409 2041 515 2094 miseris
535 2044 618 2109 atque
634 2039 705 2108 ignis
725 2040 861 2095 emendus.

84 2117 194 2185 Optima
212 2117 341 2170 silvarum
360 2117 466 2171 interea
484 2116 630 2186 pelagique
649 2115 756 2170 vorabit
896 2133 933 2173 135

84 2193 144 2246 lter
166 2193 271 2259 horum,
290 2192 435 2261 vacuisque
454 2193 521 2246 toris
539 2194 646 2246 tantum
665 2192 726 2261 ipse
739 2190 854 2260 jacebit.

84 2270 153 2322 Nam
173 2268 209 2322 de
227 2272 271 2322 tot
289 2269 393 2338 pulcris
413 2272 443 2323 et
461 2268 525 2322 latis
543 2267 655 2321 orbibus
674 2273 704 2322 et
720 2271 779 2322 tam

85 2344 215 2414 Antiqnis
235 2362 290 2398 una
309 2344 456 2399 comedunt
474 2344 639 2414 patrimonia
659 2361 760 2401 mensa

83 2421 181 2474 Nullus
196 2420 256 2489 jam
271 2421 408 2490 parasitus
428 2421 495 2475 erit:
515 2421 566 2474 sed
583 2421 645 2489 quis
663 2422 736 2476 ferat
756 2422 823 2476 istas

84 2498 218 2551 Luxuriae
231 2498 343 2552 sordesl
379 2498 487 2563 Quanta
499 2500 542 2551 est
553 2497 618 2564 gula
629 2513 700 2566 quae
712 2497 764 2550 sibi
776 2501 849 2552 totos
897 2512 933 2552 110

85 2574 165 2628 Ponit
182 2573 268 2643 apros,
286 2573 385 2627 animal
402 2577 517 2644 propter
534 2573 655 2627 convivia
671 2578 779 2628 natum!

84 2651 175 2705 Poena
192 2654 284 2704 tamen
301 2666 437 2719 praesens,
455 2667 539 2718 quum
555 2653 587 2704 tu
604 2650 718 2720 deponis
736 2651 852 2704 amictus

83 2727 216 2796 Γ111ςί11115
234 2731 269 2793 et⁴
281 2726 396 2780 crudum
413 2742 546 2794 pavonem
564 2726 592 2779 in
612 2725 708 2780 balnea
725 2730 826 2796 portas.

84 2804 157 2857 Hinc
173 2802 280 2856 subitae
296 2805 398 2856 mortes
416 2806 499 2871 atque
516 2802 649 2856 intestata
665 2805 798 2856 senectus.

84 2880 113 2934 11
129 2895 199 2933 nova
215 2894 266 2932 nec
282 2879 369 2932 tristis
386 2895 436 2946 per
454 2882 564 2932 cunctas
580 2877 673 2932 fabula
690 2893 796 2944 coenas,
897 2891 932 2932 145

83 2955 199 3008 Ducitur
214 2955 291 3008 iratis
309 2954 494 3025 plaudendum
510 2955 591 3008 funus
609 2955 708 3008 amicis.

118 3031 164 3084 Nil
183 3031 236 3084 erit
253 3031 368 3084 ulterius
386 3031 459 3099 quod
476 3032 577 3085 nostris
594 3030 714 3085 moribus
730 3029 817 3084 addat

84 3108 250 3171 Posteritas3
274 3106 369 3160 eadem
387 3107 498 3175 cupient
514 3106 668 3175 facientque
686 3107 818 3171 minores;

83 3184 171 3237 Omne
188 3183 216 3235 in
232 3183 377 3252 praecipiti
394 3182 490 3235 vitium
509 3183 594 3237 stetit.
631 3181 719 3236 Utere
736 3181 811 3251 velis,

77 3259 164 3309 Poros
172 3258 272 3324 pande
288 3259 371 3315 sinus
407 3258 491 3313 Dicas
507 3259 551 3314 hic
569 3258 692 3328 forsitan,
710 3258 793 3314 Unde
896 3274 932 3314 1⁶⁰
