2040 3510
104 276 135 322 90
339 272 371 321 D.
389 272 496 322 JUNII
511 272 718 323 JUVENALIS

105 361 240 426 Qualibet
276 360 330 416 Illa
346 364 395 415 tuo
412 361 550 416 sententia
568 378 677 432 semper
691 363 720 416 in
736 378 785 418 ore
920 380 958 421 ate

104 438 238 492 Versetur
255 437 298 492 dis
315 439 400 505 atque
416 437 475 507 ipso
493 438 565 492 Jove
584 438 668 507 digna
684 442 796 507 poetae:
931 478 934 487 .

104 513 186 568 Unde
203 513 304 568 habeas
322 514 430 582 quaerit
447 529 535 579 nemo,
553 513 604 567 sed
620 517 731 582 oportet
747 512 876 571 babere.”

104 590 165 644 Hoc
183 593 335 645 monstrant
353 590 461 645 vetulae
478 590 570 660 pueris
587 590 746 660 repentibus
763 606 859 659 aasae;

47 732 51 739 ι
103 665 165 722 Hoc
182 667 291 721 discunt
309 683 402 721 omnes
420 670 485 720 aute
502 667 584 737 alpha
601 671 632 721 et
650 668 715 722 beta
730 666 845 737 puellae.

103 742 213 798 Talibus
230 744 376 798 instantem
394 743 505 798 monitis
522 761 712 814 quemcunque
729 748 874 815 parentem
919 758 958 801 aro

102 818 148 874 Sic
164 836 271 889 possem
289 821 380 875 affari:
404 821 463 887 Dic,
481 837 498 874 o
515 821 668 888 vanissime,
686 822 748 890 quis
764 826 795 877 te

102 893 247 950 Festinare
260 895 360 964 jubet'l
384 896 524 950 meliorem
541 901 653 966 praesto
670 897 802 965 magistro

101 969 278 1040 Discipulum.
314 973 430 1026 Securus
447 971 500 1039 abi,
519 972 643 1039 vinceris,
661 976 693 1026 ut
712 970 787 1040 Ajax

102 1045 247 1102 Praeteriit
266 1047 447 1115 Telamonem,
464 1050 497 1101 ut
515 1047 598 1102 Pelea
614 1047 680 1103 vicit
697 1047 827 1103 Achillea
939 1080 942 1085 ·

101 1122 272 1177 Parcendum
284 1129 327 1178 est
341 1124 460 1189 teneris;
476 1123 599 1179 nondum
609 1124 758 1192 implevere
769 1122 906 1179 medullas
919 1138 956 1181 m

101 1198 228 1254 Maturae
246 1201 318 1254 mala
334 1200 480 1268 nequitiae.
519 1199 610 1265 Quum
628 1203 739 1269 pectere
755 1198 871 1256 barbam

102 1273 231 1344 Coeperit
249 1276 280 1329 et
295 1273 368 1343 longi
387 1292 545 1330 mucronem
563 1276 712 1333 admittere
729 1274 811 1331 cultri

100 1348 198 1404 Falsus
216 1350 271 1407 erit
286 1351 373 1417 testis,
393 1352 495 1406 vendet
510 1352 632 1421 perjuria
649 1367 755 1406 summa

100 1425 214 1493 Exigua,
235 1426 341 1480 Cereris
357 1431 473 1495 tangens
491 1444 621 1497 aramque
638 1428 800 1500 pedemque.

100 1500 207 1555 Elatam
220 1502 280 1570 jam
297 1502 378 1557 crede
396 1519 495 1557 nurum
515 1505 538 1558 si
555 1504 649 1558 limina
665 1507 758 1559 vestra
918 1518 954 1559 aar

99 1575 245 1632 Mortifera
261 1595 322 1633 cum
341 1579 407 1633 dote
425 1579 506 1634 subit.
545 1580 650 1645 Quibus
667 1581 715 1634 illa
731 1583 874 1649 premetur

99 1652 154 1707 Per
172 1671 295 1711 somnum
313 1656 421 1724 digitis!
440 1673 505 1711 nam
523 1672 595 1726 quae
612 1659 742 1725 terraque
758 1655 884 1725 marique

100 1731 278 1801 Aequirenda
295 1737 376 1801 putas
394 1731 504 1787 brevior
521 1733 566 1789 via
582 1733 706 1788 conferet
722 1733 772 1787 illi.

98 1807 196 1862 Nullus
208 1809 280 1863 enim
293 1810 383 1878 magni
396 1809 505 1863 sceleris
516 1809 599 1864 labor.
637 1809 737 1865 “Haec
750 1825 801 1878 ego
812 1826 952 1883 nunquam

98 1883 250 1953 Mandavi‚”
270 1885 344 1939 dices
361 1885 434 1952 olim,
454 1887 523 1940 “nec
540 1886 607 1940 talia
624 1885 717 1940 suasi.”
916 1903 952 1943 aas

98 1958 200 2014 Mentis
217 1978 300 2016 causa
317 1962 404 2015 malae
421 1966 514 2016 tamen
532 1965 576 2016 est
593 1965 622 2017 et
638 1961 714 2030 origo
731 1979 817 2032 penes
833 1967 871 2020 te

96 2034 169 2089 Nam
187 2037 310 2107 quiaquia
327 2037 418 2106 magni
436 2055 532 2092 census
550 2038 691 2108 praecepit
707 2054 829 2095 amorem

96 2111 133 2166 Et
150 2112 226 2166 laevo
244 2115 349 2167 monitu
366 2130 464 2183 pueros
482 2113 610 2184 producit
628 2131 732 2182 avaros,

97 2187 134 2240 Iit
151 2190 197 2257 qui
215 2206 265 2257 per
282 2189 392 2243 fraudes
411 2191 575 2260 patrimonia
591 2191 790 2261 conduplicare,

96 2263 153 2318 Dat
169 2264 325 2320 libertatem
343 2270 373 2319 et
389 2269 463 2320 totas
481 2267 597 2322 effundit
614 2267 734 2322 habenas
915 2283 952 2330 mo

96 2339 252 2395 Ourriculo:
277 2358 357 2410 quem
377 2342 401 2394 si
417 2359 529 2397 revoces
548 2342 697 2398 subsistere
712 2343 800 2400 nescit

96 2415 134 2469 llt
152 2420 181 2470 te
199 2421 355 2487 contempto
374 2419 482 2489 rapitur
499 2421 635 2489 metisque
652 2421 763 2477 relictis.

95 2491 122 2545 N
124 2509 184 2548 emo
203 2494 269 2548 satis
287 2495 376 2550 credit
394 2498 503 2551 tanturn
522 2496 688 2567 delinquere,
706 2500 841 2564 quantum

95 2566 259 2624 Permittas:
283 2571 353 2625 adeo
369 2572 514 2640 indulgent
531 2573 584 2627 sibi
601 2573 685 2628 latius
702 2573 763 2644 ipsi.

95 2643 185 2709 Quum
203 2646 270 2700 dicis
284 2645 381 2714 juveni
398 2649 514 2702 stultum
532 2649 580 2717 qui
599 2649 683 2704 donet
701 2650 796 2717 emico,
914 2666 950 2707 ree

95 2721 148 2786 Qui
166 2725 358 2792 paupertatem
376 2724 449 2778 levet
467 2725 633 2794 attollatque
651 2726 812 2796 propinqui;

95 2795 132 2851 Et
150 2798 266 2867 spoliare
283 2799 364 2853 doces
382 2803 412 2853 et
429 2800 653 2856 circumscribere
670 2806 701 2856 et
718 2803 791 2856 omni

95 2872 214 2928 Crimine
231 2874 342 2930 divitias
359 2876 509 2945 acquirere,
528 2893 644 2946 quarum
663 2895 740 2932 amor
756 2879 785 2933 in
802 2882 833 2934 te

95 2949 219 3013 Quantus
237 2954 297 3004 erat
315 2952 422 3020 patriae
440 2951 586 3006 Deciorum
603 2955 632 3007 in
651 2959 770 3024 pectore,
789 2960 924 3026 quantum

94 3024 199 3080 Dilexit
217 3026 331 3095 Thebas,
350 3028 372 3081 si
392 3029 507 3083 Graecia
524 3046 596 3099 vera,
615 3031 786 3101 Menoeceus,
911 3046 949 3089 aee

94 3099 128 3154 In
146 3117 262 3169 quorum
280 3102 361 3157 sulcis
378 3104 500 3172 legiones
518 3104 648 3160 dentibus
666 3108 762 3176 anguis

81 3175 151 3226 Cum
169 3177 267 3244 clipeis
280 3184 438 3236 nascuntur
453 3184 484 3238 et
502 3181 617 3239 horrida
631 3183 710 3239 bella
726 3188 874 3252 capessunt

61 3245 209 3316 'mm
231 3257 369 3326 &nquam
391 3263 423 3316 et
440 3260 564 3319 tubicen
582 3260 744 3318 surrexerit
756 3274 865 3314 uuas-

75 3302 123 3374 Ι
136 3322 240 3391 ierem
257 3334 348 3403 eujus
366 3338 517 3397 sentinas
535 3339 603 3413 ipse
622 3337 739 3395 sauss
