2040 3510
102 168 133 216 44
336 167 368 215 D.
385 167 490 216 JUNII
507 166 716 216 JUVENALIS

101 255 248 324 Praesidia
267 261 351 324 atque
368 256 431 311 ideo
448 273 559 310 croceae
577 257 734 312 membrana
750 259 868 314 tabellae

100 334 243 402 Impletm,
261 332 394 401 lignorum
412 333 516 401 aliquid
533 351 614 402 posce
632 334 712 402 ocius,
731 339 760 388 et
778 353 847 404 quae

100 410 245 481 Componis
263 409 335 463 dona
353 410 478 474 Veneris,
496 410 628 477 Telesino,
646 412 753 480 marito,
927 429 951 468 at

100 490 160 543 Aut
178 487 258 542 clude
276 491 305 541 et
323 487 426 555 positos
445 489 519 541 tinea
536 487 672 556 pertunde
689 488 801 542 libellos.

100 563 207 633 Frange
226 565 309 618 miser
327 565 445 618 calamos
463 567 629 635 vigilataque
645 566 748 634 proelia
765 566 835 634 dele,

100 641 153 705 Qui
170 641 237 695 facis
254 643 282 695 in
300 659 384 712 parva
402 643 529 697 sublimia
547 643 667 697 carmina
683 643 752 697 cella

98 715 139 772 Ut
157 718 255 786 dignus
273 719 364 772 venias
382 719 491 772 hederis
509 724 538 774 et
556 720 673 788 imagine
690 735 789 772 macra.

99 793 167 863 Spes
185 795 259 849 nulla
275 795 404 851 ulterior:
428 795 525 850 didicit
537 795 597 864 jam
616 795 692 849 dives
710 811 806 848 avarus
925 811 950 849 ao

97 870 215 925 Tantum
232 871 370 941 admirari,
388 875 496 927 tanturn
515 872 628 926 laudare
646 872 771 937 disertos,

98 946 138 1000 Ut
155 948 233 1016 pueri
251 949 270 1001 J
272 949 367 1002 unonis
385 965 472 1002 avem.
509 948 565 1002 Sed
582 948 679 1002 defluit
697 951 773 1000 aetas

98 1023 134 1076 Iit
151 1024 241 1092 pelagi
257 1025 364 1092 patiens
382 1029 412 1080 et
429 1025 542 1079 cassidis
559 1029 642 1094 atque
660 1024 767 1092 ligonis.

97 1099 199 1154 Taedia
216 1106 281 1155 tunc
300 1100 417 1155 subeunt
434 1103 545 1168 animos,
563 1106 628 1155 tunc
646 1117 729 1168 seque
747 1115 879 1168 suamque

97 1175 292 1246 Terpsichoren
309 1177 368 1232 odit
385 1176 503 1231 facunda
520 1182 549 1231 et
567 1177 642 1230 nuda
659 1179 792 1230 senectus.
924 1191 948 1230 aa

132 1253 235 1322 Accipe
252 1270 323 1307 nunc
341 1257 414 1306 artes
431 1270 466 1307 ne
485 1252 551 1321 quid
568 1254 620 1307 tibi
636 1254 758 1307 conferat
775 1252 827 1304 iste

97 1331 183 1395 Quem
201 1330 273 1393 colis,
288 1334 316 1383 et
334 1330 474 1383 Musarum
492 1332 521 1383 et
541 1329 675 1398 Apollinis
692 1329 761 1382 aede
779 1327 879 1381 relicta.

97 1405 160 1473 lpse
178 1405 243 1460 facit
260 1422 354 1459 versus
372 1409 455 1474 atque
472 1406 520 1459 uni
537 1406 611 1459 cedit
629 1405 751 1459 Homero

96 1481 212 1550 Propter
229 1482 303 1535 mille
321 1500 413 1549 annos,
427 1488 456 1537 et
468 1484 494 1536 si
512 1482 657 1536 dulcedine
675 1482 763 1535 famae

96 1557 244 1612 Succensus
262 1559 360 1613 recites
378 1560 529 1613 maculosas
548 1559 703 1614 commodat
721 1557 810 1612 aedes.
922 1573 946 1609 to

95 1633 173 1687 Haec
190 1634 270 1702 longe
288 1635 391 1689 ferrata
409 1635 506 1689 domus
524 1637 626 1690 servire
641 1635 764 1704 jubetur,

95 1708 127 1761 In
147 1727 201 1778 qua
218 1711 345 1765 sollicitas
363 1712 488 1766 imitatur
500 1711 587 1781 janua
604 1716 704 1781 portas.

94 1785 152 1840 Scit
170 1787 236 1840 dare
253 1787 365 1842 libertos
383 1793 508 1844 extrema
524 1789 553 1842 in
570 1792 650 1858 parte
668 1788 795 1842 sedentes

94 1861 203 1916 Ordinis
222 1866 250 1918 et
267 1882 379 1933 magnas
398 1867 527 1920 comitum
545 1866 689 1934 disponere
706 1881 790 1918 voees.

93 1939 181 1993 Nemo
199 1940 278 1995 dabit
295 1959 391 2010 regum
410 1943 506 2009 quanti
522 1942 649 1996 subsellia
667 1945 800 2004 constent,
920 1955 943 1992 ts

93 2015 130 2069 Et
148 2033 218 2085 quae
235 2018 370 2072 conducto
388 2019 510 2086 pendent
528 2017 681 2071 anabathra
697 2016 791 2084 tigillo,

93 2091 223 2160 Quaeque
241 2094 414 2161 reportandis
431 2095 521 2163 posita
539 2098 582 2147 est
600 2093 738 2147 orchestra
755 2093 901 2147 cathedris,

92 2168 118 2220 N
120 2185 150 2220 os
168 2172 260 2222 tamen
278 2169 329 2222 hoc
346 2170 460 2238 agimus,
478 2170 609 2238 tenuique
625 2169 654 2222 in
672 2168 783 2238 pulvere
801 2170 890 2224 sulcos

93 2243 223 2297 Decimus
241 2249 270 2297 et
287 2245 352 2298 litus
370 2247 456 2300 sterili
473 2262 612 2300 versamus
629 2248 728 2298 aratro,

92 2319 164 2374 Nam
182 2321 204 2373 si
223 2321 346 2374 discedas
365 2322 463 2391 laqueo
481 2325 558 2377 tenet
576 2321 713 2375 ambitiosi
919 2337 942 2384 so

92 2395 267 2469 Consuetudo
285 2397 363 2462 mali;
387 2403 465 2453 tenet
481 2398 631 2452 insanabile
647 2398 747 2452 multos

91 2472 233 2526 Scribendi
251 2475 391 2528 cacoethes
409 2479 438 2528 et
456 2491 537 2543 aegro
554 2475 584 2528 in
600 2475 683 2528 corde
699 2475 821 2529 senescit.

92 2547 147 2601 Sed
164 2552 255 2604 vatem
271 2552 411 2619 egregium
429 2552 472 2606 cui
490 2569 544 2605 non
561 2552 598 2606 sit
614 2550 723 2621 publica
740 2569 816 2619 vena,

92 2623 143 2687 Qui
162 2625 227 2679 nihil
246 2627 399 2695 expositum
416 2629 503 2682 soleat
522 2628 666 2695 deducere,
682 2644 733 2681 nec
751 2629 798 2695 qui

91 2701 233 2754 Communi
249 2703 332 2757 feriat
349 2720 458 2758 carmen
476 2705 584 2759 triviale
600 2709 717 2770 moneta,
917 2716 941 2754 65

91 2776 173 2830 Hunc
191 2779 298 2846 qualem
316 2797 422 2848 nequeo
440 2786 592 2836 monstrare
608 2785 637 2836 et
657 2780 744 2835 sentio
762 2783 870 2834 tantum

91 2854 241 2908 Anxietate
260 2872 354 2910 carens
370 2857 477 2910 animus
494 2858 567 2925 facit,
586 2859 671 2911 omnis
689 2855 780 2910 acerli

90 2928 248 3000 Impatiens,
267 2933 382 3001 cupidus
400 2933 527 2988 silvarum
545 2940 680 3004 aptusque
698 2932 823 2986 bibendis

90 3004 222 3060 Fontibus
241 3009 385 3062 Aonidum.
421 3010 520 3079 Neque
538 3012 610 3065 enim
628 3013 738 3064 cantare
755 3009 806 3062 sub
824 3014 904 3064 antro

83 3081 178 3132 Pierio
195 3083 352 3150 thyrsumvo
366 3089 461 3154 potest
479 3087 635 3156 contingere
652 3089 756 3139 moesta
915 3102 939 3141 60

62 3150 226 3215 Paupertas
241 3165 332 3229 atque
349 3162 424 3217 aeris
442 3164 532 3236 inops,
552 3183 608 3236 quo
625 3168 707 3218 nocte
724 3162 825 3232 dieque

18 3270 26 3275 ··
44 3215 162 3286 0⁰W¹²³
179 3238 268 3296 egee·
290 3241 378 3294 satur
394 3245 443 3299 est
462 3260 555 3314 quum
575 3243 649 3300 dicit
666 3241 818 3310 Horatius,
830 3239 928 3293 hunel-
