2040 3510
410 146 542 218 saurus
558 169 608 218 v1.
905 173 934 219 31

87 257 197 312 Grande
217 256 391 326 supercilium
410 257 440 308 et
454 271 581 309 numeras
600 255 628 308 in
647 254 712 310 dote
732 255 889 325 triumphos.

86 334 161 388 Tolle
173 337 258 400 tuum,
268 349 371 402 precor,
382 331 564 387 Hannibalem
574 333 731 401 victumque
744 331 893 401 Syphacem
902 347 937 386 no

88 411 121 463 ln
140 411 236 464 eastris
256 414 285 462 et
304 425 365 461 cum
386 410 446 462 tota
465 408 632 476 Carthagine
651 410 744 477 migra

87 485 203 552 “Parce,
223 500 327 554 precor,
347 484 445 552 Paean,
464 488 494 538 et
512 489 545 538 tu
564 486 670 553 depone
689 485 815 554 sagittas,⁴

85 562 132 616 Nil
151 561 230 631 pueri
248 560 357 627 faciunt,
377 560 463 629 ipsam
483 561 610 628 configite
629 561 768 630 matrem,”

86 639 225 708 Amphion
245 637 356 691 clamat:
376 637 425 690 sed
445 637 534 690 Paean
556 638 693 691 contrahit
712 655 813 693 arcum.

86 715 194 769 Extulit
212 732 277 782 ergo
295 730 392 782 greges
411 723 537 766 natorum
555 714 698 783 ipsumque
718 719 868 784 parentem,
901 731 936 772 ns

86 793 159 845 Dum
178 791 229 845 sibi
249 789 366 843 nobilior
387 790 506 842 hetonae
527 795 610 857 gente
629 791 739 845 videtur

86 875 181 940 Atque
200 867 296 922 eadem
316 865 404 919 scrofa
423 864 512 919 Niobe
530 866 671 920 fecundior
689 868 758 921 alba

87 949 162 1013 Quae
181 945 253 999 tanti
271 943 398 1012 gravitas,
417 959 487 1010 quae
507 942 602 1009 forma,
622 946 654 996 ut
672 960 702 997 se
721 944 772 998 tibi
792 961 900 1015 semper

88 1023 228 1091 Imputetl
265 1018 357 1088 Hujus
369 1018 441 1071 enim
459 1018 514 1070 rari
534 1020 685 1087 summique
706 1020 832 1088 voluptas

87 1100 168 1154 Nulla
185 1098 257 1166 boni,
277 1095 385 1165 quoties
404 1094 493 1147 animo
513 1098 642 1162 corrupta
659 1097 777 1164 superbo
898 1112 935 1150 1so

88 1178 151 1230 Plus
169 1176 242 1229 aloes
261 1189 344 1243 quam
362 1171 449 1225 mellis
468 1171 558 1225 habet.
594 1171 661 1237 Quis
681 1172 792 1226 deditus
812 1176 904 1226 autem

89 1255 180 1322 Usque
199 1253 267 1306 adeo
286 1254 336 1318 est,
357 1254 455 1304 utnon
474 1249 547 1301 illam
566 1266 649 1317 quam
668 1249 794 1303 laudibus
813 1250 892 1304 effert

87 1331 207 1384 Horreat
224 1329 308 1396 inque
329 1327 402 1380 diem
421 1325 541 1394 septenis
559 1325 650 1380 oderit
669 1326 761 1380 horisl

120 1406 260 1472 Quaedam
278 1420 363 1472 parva
382 1403 495 1471 quidem
515 1402 636 1455 sednon
656 1402 799 1456 toleranda
817 1402 931 1456 maritis.

86 1482 156 1536 Nam
175 1481 241 1550 quid
260 1479 397 1533 rancidius
416 1495 497 1546 quam
517 1478 591 1545 quod
610 1496 639 1532 se
657 1495 711 1533 non
729 1482 809 1548 putat
826 1477 882 1532 nlla
897 1493 933 1530 rso

86 1559 242 1611 Formosam
263 1555 315 1609 nisi
335 1571 404 1624 quae
423 1553 459 1606 de
478 1554 564 1606 Tusca
584 1554 718 1609 Graecula
736 1556 808 1608 facta
828 1558 878 1620 est,

86 1635 127 1688 De
147 1631 317 1687 Sulmonensi
336 1647 413 1683 mera
432 1629 575 1699 Cecropisl
611 1630 709 1684 Omnia
729 1632 839 1696 Graece,

86 1711 176 1774 Quum
194 1708 230 1762 sit
248 1710 329 1776 turpe
347 1706 433 1772 magis
450 1705 550 1759 nostris
569 1707 673 1760 nescire
694 1708 797 1762 Latine.

86 1788 147 1841 Hoc
167 1801 290 1840 sermone
308 1787 415 1852 pavent,
434 1783 580 1851 hecnam,
599 1783 707 1851 gaudia,
726 1801 813 1854 curas,

86 1864 147 1917 Hoc
166 1865 263 1916 cuncta
282 1859 425 1914 effundunt
444 1860 526 1912 animi
547 1863 660 1915 secreta
696 1861 768 1927 Quid
787 1863 879 1917 ultral
898 1880 932 1918 190

85 1938 274 1994 Gonoumbunt
293 1937 404 1990 Graece.
440 1936 531 1988 Dones
549 1937 715 1992 tamen'ista
733 1939 841 2008 puellis:

84 2018 159 2071 Tune
177 2015 268 2078 etiam,
286 2030 368 2083 quam
387 2016 481 2066 sextus
500 2015 530 2066 et
549 2014 730 2081 octogesimus
748 2032 834 2069 annus
900 2051 903 2054 ·

85 2093 186 2158 Pulsat,
205 2090 295 2144 adhuc
314 2089 436 2143 Graecei
471 2088 498 2142 N
500 2105 534 2142 on
553 2093 597 2143 est
614 2089 659 2144 hic
677 2108 766 2144 sermo
784 2092 900 2160 pudicus

84 2170 118 2223 ln
137 2168 236 2225 vetula.
273 2165 387 2230 Quoties
406 2164 536 2218 lascivum
555 2166 701 2220 intervenit
720 2167 788 2222 illud

83 2247 137 2314 Ζωὴ
157 2247 197 2299 καὶ
214 2242 306 2313 dcxvii
342 2240 426 2294 Modo
445 2240 495 2294 sub
513 2241 601 2295 lodice
619 2243 722 2296 relictis
895 2264 931 2303 195

83 2321 178 2376 Uteris
195 2320 224 2374 in
244 2317 333 2372 turba.
369 2316 449 2382 Quod
468 2318 539 2370 enim
559 2334 612 2370 non
631 2320 735 2374 excitet
753 2322 853 2390 inguen

83 2399 145 2451 Vox
154 2395 256 2450 blanda
264 2400 293 2448 et
302 2395 436 2462 nequam?
454 2393 553 2460 digitos
564 2394 655 2448 habet.
681 2395 721 2450 Ut
733 2400 825 2452 tamen
837 2415 930 2455 omnes

82 2473 231 2530 Subsident
250 2486 363 2540 pennae,
383 2468 458 2522 dicas
476 2469 544 2522 haec
562 2471 669 2525 mollius
686 2473 792 2527 Haemo

83 2553 243 2616 Quanquam
262 2549 291 2604 et
310 2545 493 2614 Carpophoro,
512 2545 595 2599 facies
612 2551 661 2600 tua
679 2554 820 2620 computat
838 2569 929 2607 annos.

116 2626 145 2680 Si
164 2623 215 2678 tibi
234 2621 362 2689 legitimis
380 2624 488 2688 pactam
503 2619 682 2692 junctamque
700 2624 809 2680 tabellis
894 2644 930 2682 aoo

83 2704 144 2756 Non
163 2717 193 2754 es
211 2702 357 2762 amatums,
377 2696 493 2749 ducendi
512 2698 586 2751 nulla
604 2700 712 2755 videtur

82 2779 185 2841 Gausa3
202 2791 254 2829 nec
269 2777 317 2827 est
336 2789 421 2841 quare
439 2790 551 2827 coenam
570 2779 599 2828 et
617 2781 757 2832 mustacea
775 2779 882 2848 perdas,

82 2854 205 2908 habente
224 2850 310 2904 officio
328 2848 421 2902 crudis
439 2848 579 2917 donanda;
597 2869 648 2906 neo
666 2853 734 2907 illud
850 2863 853 2868 ’

82 2930 162 2996 Quod
180 2929 268 2998 prima
286 2943 336 2995 pro
355 2929 436 2980 nocte
455 2925 544 2993 datur,
562 2945 645 2996 quum
664 2930 741 2984 lance
759 2929 842 2984 beata

82 3006 199 3061 Dacicus
217 3008 246 3059 et
264 3003 365 3072 scripto
383 3002 475 3057 radiat
494 3003 670 3060 Germanicus
689 3023 762 3059 auro.
893 3022 929 3060 ans

83 3082 112 3137 Si
129 3081 181 3136 tibi
200 3080 357 3149 simplicitas
375 3080 480 3149 uxoria,
497 3079 614 3136 deditus
628 3083 683 3134 uni

77 3157 128 3211 llst
146 3156 258 3222 animus,
279 3159 425 3214 summitte
445 3163 534 3230 caput
552 3159 669 3214 carmes
683 3155 795 3223 passas
927 3201 935 3212 .

69 3235 158 3288 Ferre
169 3230 289 3303 jugum
309 3236 421 3292 nullam
440 3236 579 3293 inuenies
600 3247 684 3304 quau
697 3223 813 3296 effi*
829 3205 959 3260 mm
