2040 3510
403 168 535 219 SATIRA
553 170 617 218 VII.
919 174 950 221 45

94 259 162 324 Quis
180 259 257 314 locus
275 257 391 326 ingenio,
408 258 459 311 nisi
477 274 561 326 quum
579 275 609 311 se
625 258 745 312 carmine
762 259 818 312 solo

94 335 207 388 Vexant
225 338 253 387 et
271 333 387 386 dominis
405 333 519 387 Cirrhae
536 334 681 401 Nysaeque
698 333 824 388 feruntur

94 411 210 464 Pectora
226 413 325 474 vestra,
343 410 411 462 duas
428 427 482 463 non
501 410 676 464 admittentia
694 412 792 465 curasl
925 427 948 465 es

93 485 212 554 Magnae
229 486 329 538 mentis
347 502 415 553 opus
433 502 483 539 nec
502 485 537 539 de
554 485 641 539 lodice
659 486 781 554 paranda

94 562 249 629 Attonitae,
269 577 363 614 currus
382 565 411 614 et
428 578 512 629 equos
529 562 666 629 faciesque
684 562 797 615 deorum

94 638 226 706 Aspicerc
244 641 274 691 et
292 637 378 704 qualis
398 637 530 691 Rutulum
548 637 696 691 confundat
714 638 839 707 Erinnys.

92 713 164 766 Nam
182 713 205 766 si
223 713 340 780 Virgilio
358 730 427 782 puer
445 718 474 768 et
491 714 635 768 tolerabile
654 714 761 768 deesset

93 788 260 857 Hospitium,
278 789 407 845 caderent
428 808 521 845 omnes
536 806 553 843 a
570 789 687 843 crinibus
705 789 792 858 hydri,
923 805 946 844 ro

94 864 185 918 Surda
202 864 268 917 nihil
286 871 409 933 gemeret
426 883 510 935 grave
527 866 648 919 buccina.
685 865 823 920 Poscimus
841 868 872 920 ut
889 865 925 919 sit

39 937 43 946 ’
92 941 119 994 N
121 956 156 994 on
174 941 262 994 minor
279 944 391 1009 antiquo
410 943 556 997 Rubrenus
574 943 668 1011 Lappa
686 942 825 1008 cothurno,

94 1016 180 1084 Cujus
199 1019 228 1070 et
245 1017 362 1071 alveolos
381 1022 410 1072 et
428 1019 534 1072 laenam
552 1018 679 1085 pignerat
697 1020 807 1071 Atreus.

91 1092 116 1145 N
119 1109 153 1145 on
171 1091 256 1146 habet
274 1093 366 1147 infelix
386 1095 515 1148 Numitor
533 1094 606 1161 quod
624 1094 718 1147 mittat
735 1094 836 1158 amico;

93 1167 241 1232 Quintillae
259 1170 334 1236 quod
352 1171 435 1226 donet
453 1170 551 1235 habet;
568 1186 617 1223 nec
637 1169 724 1222 defuit
742 1168 782 1221 illi
921 1181 945 1224 7⁵

91 1243 174 1297 Unde
192 1249 296 1298 emeret
315 1246 401 1299 multa
418 1246 584 1316 pascendum
603 1262 683 1298 carne
700 1244 806 1298 leonem

91 1319 156 1373 Jam
174 1320 321 1376 domitum:
345 1327 452 1376 constat
469 1322 564 1375 leviori
582 1320 671 1374 bellua
689 1324 782 1374 sumtu

90 1396 233 1465 Nimirum,
252 1402 281 1452 et
299 1399 409 1467 capiunt
426 1399 488 1468 plus
505 1398 635 1452 intestina
653 1401 757 1466 poetae.

92 1472 244 1527 Contentus
261 1474 333 1527 fama
347 1475 441 1542 jaceat
459 1475 584 1528 Lucanus
603 1474 631 1526 in
649 1472 736 1526 hortis

89 1548 264 1604 Marmoreis:
289 1554 318 1603 at
336 1551 451 1604 Serrano
468 1551 600 1618 tenuique
618 1549 707 1603 Saleio
919 1565 943 1602 so

90 1623 184 1678 Gloria
201 1627 371 1694 quantalibet
389 1627 455 1694 quid
474 1626 534 1693 erit,
553 1626 576 1680 si
594 1625 681 1694 gloria
697 1627 805 1678 tantum
822 1626 881 1679 estl

89 1699 216 1755 Curritur
233 1702 269 1755 ad
286 1718 380 1756 vocem
393 1702 545 1771 jucundam
563 1707 592 1756 et
609 1717 719 1755 carmen
736 1701 840 1755 amicae

88 1775 250 1844 Thebaidos,
268 1778 369 1831 laetam
386 1778 452 1832 fecit
470 1796 554 1847 quum
572 1777 677 1832 Statius
694 1774 801 1830 Urbem

89 1851 271 1921 Promisitque
289 1854 370 1907 diem.
408 1854 495 1908 Tanta
512 1854 658 1908 dulcedine
676 1856 770 1920 captos

87 1927 183 1982 Afficit
200 1929 246 1983 ille
264 1931 367 1983 animos
384 1933 516 1998 tantaque
534 1929 646 1982 libidine
664 1927 738 1995 vulgi
918 1943 942 1981 ss

88 2004 223 2058 Auditur:
243 2005 293 2058 scd
311 2023 395 2073 quum
410 2006 494 2074 fregit
511 2004 640 2059 subsellia
657 2020 737 2057 versu

88 2080 189 2149 deurit,
207 2081 338 2134 intactam
358 2081 451 2135 Paridi
469 2082 520 2135 nisi
537 2080 640 2134 vendat
659 2082 784 2147 Agaven.

91 2155 141 2210 llle
159 2159 188 2210 ct
204 2156 320 2211 militiae
337 2159 431 2212 multis
449 2158 565 2226 largitur
582 2157 719 2224 honorem,

89 2231 221 2287 Semestri
238 2236 331 2286 ratum
350 2233 451 2302 digitos
469 2233 638 2301 circumligat
656 2248 728 2285 auro.

88 2308 168 2375 Quod
183 2326 237 2362 non
254 2309 322 2363 dant
335 2327 462 2378 proceres
479 2310 556 2364 dabit
570 2309 680 2363 histrio:
696 2312 730 2362 tu
742 2308 900 2365 Camerinos
916 2324 940 2363 eo

86 2385 124 2439 llt
142 2385 252 2449 Bareas,
269 2388 302 2438 tu
319 2386 449 2440 nobilium
467 2403 565 2454 magua
582 2386 653 2440 atria
669 2387 766 2440 curasl

87 2460 245 2515 Praefectos
264 2461 381 2531 Pelopea
398 2463 473 2524 facit,
492 2462 643 2516 Philomela
660 2462 788 2517 tribunos.

88 2536 173 2591 Haud
190 2540 283 2592 tamen
301 2538 422 2593 invideas
440 2539 503 2606 vati,
523 2555 604 2607 quem
621 2538 728 2606 pulpita
744 2543 866 2609 pascunt.

87 2612 155 2678 Quis
171 2613 224 2667 tibi
242 2613 404 2669 Maecenasl
424 2616 485 2683 quis
502 2631 573 2668 nunc
591 2614 645 2667 erit
662 2618 710 2673 aut
730 2615 884 2669 Proculeius

87 2690 147 2744 Aut
159 2689 278 2745 Fabiusl
296 2692 357 2760 quis
369 2692 451 2747 Cotta
462 2692 579 2746 iteruml
593 2691 653 2759 quis
666 2690 798 2744 Lentulus
809 2691 897 2746 alterl
915 2706 939 2745 os

86 2767 163 2820 'func
179 2783 230 2836 par
247 2768 355 2836 iugenio
372 2769 506 2837 pretium;
524 2772 590 2822 tunc
607 2767 674 2820 utile
691 2767 785 2821 multis

86 2843 193 2898 Pallere
210 2847 240 2897 et
257 2844 348 2897 vinum
365 2847 425 2898 toto
442 2845 546 2898 nescire
564 2842 714 2897 Decembri.

120 2919 224 2974 Vester
240 2936 322 2988 perro
339 2918 416 2973 labor
432 2920 581 2987 fecundior,
599 2918 771 2972 historiarum

86 2994 256 3064 Scriptoresl
273 2997 345 3065 petit
362 2996 406 3049 hic
422 2996 484 3066 plus
501 2995 634 3065 temporis
651 2998 734 3063 atque
751 2994 804 3048 olei
821 2994 897 3064 plus:

86 3071 113 3124 N
114 3086 213 3140 amque
231 3071 318 3126 oblita
334 3072 409 3126 modi
426 3073 569 3126 millesima
584 3072 687 3141 pagina
701 3071 796 3136 surgit
908 3084 951 3118 xm

86 3145 218 3201 Omnibus
234 3151 265 3204 et
282 3149 371 3204 multa
388 3149 492 3207 crescit
510 3149 650 3206 damnosa
662 3162 788 3217 paparo.

72 3218 121 3274 Sic
134 3220 235 3289 ingens
251 3241 351 3283 rerum
369 3245 512 3287 numerus
527 3227 620 3302 iubet
636 3228 733 3295 atque
749 3229 882 3289 eperum
887 3209 961 3258 Nax·
