2040 3510
403 183 536 233 SATIRA
552 183 633 233 VIII.
911 183 942 231 55

96 272 151 327 Par
170 269 422 340 Agamemnonidae
439 270 557 336 crimen;
575 269 624 324 sed
642 285 724 323 causa
741 269 807 324 facit
824 286 883 324 rem
906 285 942 338 ars

96 348 267 402 Dissimilem.
303 347 410 415 Quippe
427 346 473 400 ille
489 345 548 400 deis
565 345 722 399 auctoribus
739 345 814 399 ultor

96 424 185 478 Patris
203 428 263 478 erat
280 423 351 477 caesi
370 423 461 476 media
478 423 551 476 inter
568 424 677 492 pocula:
696 421 747 476 sed
763 439 814 476 nec

95 500 220 555 Electrae
233 498 331 567 jugulo
348 516 378 552 se
395 499 492 567 polluit
508 502 557 552 aut
575 499 703 567 Spartani

95 577 231 645 Sanguine
249 574 383 643 conjugii;
400 575 480 628 nullis
497 574 605 628 aconita
621 575 782 645 propinquis

94 653 212 718 Miscuit,
230 651 260 704 in
276 667 357 705 scena
374 668 513 720 nunquam
530 651 653 704 cantavit
671 652 790 718 Orestes,
907 666 943 705 mo

94 729 191 783 Troica
207 745 261 781 non
278 727 393 795 scripsit
430 727 503 791 Quid
521 726 594 779 euim
612 723 761 791 Verginius
779 723 862 778 armis

93 804 198 858 Debuit
216 804 308 858 ulcisci
326 803 421 872 magis,
440 807 488 856 aut
506 818 567 855 cnm
586 800 706 854 Vindice
725 799 828 853 Galbal

95 880 168 945 Quid
185 881 261 935 Nero
279 889 336 934 tam
353 897 434 933 saeva
451 878 591 947 crudaque
609 876 754 946 tyrannide
771 875 853 931 fecitl

95 956 173 1010 Haec
189 974 273 1027 opera
290 961 374 1025 atque
390 956 442 1009 hae
459 958 523 1009 sunt
540 956 665 1024 generosi
683 951 815 1021 Principis
827 955 907 1017 artes,

95 1032 247 1088 Gaudentis
262 1034 343 1087 foedo
360 1032 504 1102 peregrina
521 1033 557 1086 ad
574 1032 683 1102 pulpita
699 1034 782 1085 cantu
907 1041 943 1080 225

95 1107 226 1163 Prostitui
245 1110 399 1179 Graiaeque
417 1108 509 1177 apium
527 1109 657 1164 meruisse
675 1123 797 1162 coronae.

94 1183 230 1253 Majorum
248 1186 351 1254 effigies
368 1185 488 1239 habeant
505 1185 621 1252 insignia
640 1185 727 1239 vocis:

94 1263 169 1316 Ante
187 1262 273 1332 pedes
291 1261 395 1315 Domiti
413 1261 524 1329 longum
541 1265 573 1315 tu
590 1278 661 1330 pone
680 1260 812 1329 Thyestae

93 1336 189 1406 Syrma
205 1339 248 1392 vel
268 1339 428 1406 Antigones,
447 1342 479 1392 tu
496 1354 640 1406 personam
659 1338 837 1406 Menalippes,
855 1367 858 1372 -

93 1413 132 1468 ut
149 1413 184 1468 de
202 1431 353 1468 marmoreo
370 1414 501 1467 citharam
520 1415 656 1482 suspende
673 1413 784 1468 colosso.
907 1423 944 1462 mo

128 1490 208 1557 Quid,
228 1490 353 1555 Catilina,
371 1491 426 1545 tuis
443 1489 579 1543 natalibus
596 1494 680 1559 atque
700 1488 816 1557 Cethegi

94 1563 220 1619 Inveniet
237 1567 380 1633 quisquam
399 1564 556 1619 sublimius?
592 1569 680 1620 Arma
698 1570 791 1619 tamen
808 1581 855 1617 vos

92 1640 234 1694 Noctmna
252 1645 280 1695 et
298 1641 421 1694 flanimea
439 1640 564 1694 domibus
582 1642 746 1711 templisque
764 1640 888 1710 parastis,

93 1716 135 1770 Ut
153 1717 348 1770 Bracoatorum
365 1716 444 1785 pueri
461 1716 653 1786 Senonumque
670 1718 798 1784 minores,

94 1792 163 1846 Ausi
181 1793 255 1860 quod
272 1792 354 1846 liccat
371 1793 464 1846 tunica
480 1793 578 1861 punire
595 1794 717 1848 molesta
909 1806 945 1846 aaa

93 1867 148 1922 Sed
166 1868 261 1936 vigilat
279 1868 379 1922 Consul
397 1868 549 1936 vexillaque
567 1874 659 1923 vestra
680 1871 795 1923 coercet.

93 1945 147 1998 Hic
165 1961 250 1998 novus
269 1945 395 2013 Arpinas,
414 1943 539 2013 ignobilis
557 1949 585 1999 et
603 1946 684 1999 modo
702 1945 806 1999 Romae

92 2020 265 2090 Municipalis
284 2021 383 2090 Eques,
402 2021 539 2089 galeatum
557 2023 635 2091 ponit
653 2023 754 2090 ubique

93 2097 264 2152 Praesidium
283 2098 408 2152 attonitis
425 2101 454 2151 et
472 2099 500 2150 in
518 2099 591 2151 omni
608 2103 691 2167 gente
708 2099 821 2152 laborat.

92 2172 209 2227 'lantum
227 2175 311 2242 igitur
328 2191 420 2227 muros
438 2174 512 2228 intra
529 2179 594 2242 toga
612 2175 728 2229 contulit
745 2176 784 2228 illi
910 2191 945 2228 aro

92 2249 217 2304 Nominis
234 2255 264 2304 et
281 2250 363 2317 tituli,
383 2255 516 2320 quantum
534 2269 589 2305 non
608 2251 743 2317 Leucade,
761 2256 893 2319 quantum

92 2325 248 2380 'lhessaliae
266 2328 368 2396 campis
388 2326 518 2381 Octavius
536 2327 651 2381 abstulit
669 2327 724 2380 udo

93 2401 229 2456 Caedibus
246 2402 359 2456 assiduis
377 2402 477 2469 gladio.
515 2403 571 2456 Sed
590 2403 678 2457 Roma
696 2407 848 2472 parentem,

93 2478 181 2533 Roma
199 2479 312 2533 Patrem
330 2478 440 2532 Patriae
459 2479 619 2533 Ciceronem
636 2479 725 2533 libera
743 2480 821 2533 dixit

92 2554 213 2624 Arpinas
231 2554 301 2608 alius
319 2553 479 2608 Volscorum
495 2555 528 2608 in
548 2560 640 2611 monte
659 2556 765 2610 solebat
911 2570 947 2607 als

93 2630 209 2685 Poscere
227 2631 366 2684 mercedes
385 2631 473 2685 alieno
491 2632 579 2685 lassus
598 2636 703 2695 aratro;

93 2708 231 2763 Nodosam
249 2706 399 2774 posthaec
418 2707 565 2776 frangebat
584 2709 686 2763 vertice
705 2707 798 2775 vitem,

92 2784 121 2836 ui
141 2783 230 2838 lentus
249 2782 329 2852 pigra
347 2784 467 2838 muniret
488 2788 578 2839 castra
600 2785 718 2839 dolabra.

93 2858 147 2912 llic
164 2862 258 2913 tamen
276 2861 306 2912 et
325 2859 449 2913 Cimbros
469 2865 499 2915 ct
518 2878 623 2915 summa
642 2860 763 2932 pericula
780 2877 872 2914 rerum

92 2934 206 3004 Excipit,
224 2939 254 2990 et
273 2936 346 2989 solus
365 2936 551 3004 trepidantem
572 2939 693 3007 protegit
713 2936 832 3000 Urbem;
910 2951 947 2990 aso

94 3011 187 3078 Atque
198 3010 268 3079 ideo,
281 3017 427 3081 postquam
439 3013 476 3066 ad
489 3013 613 3068 Cimbros
625 3019 800 3082 stragemque
818 3011 947 3064 volabant

92 3086 145 3151 Qui
162 3102 301 3156 nunquam
319 3089 470 3157 attigerant
486 3090 595 3159 maiora
612 3090 754 3144 cadanera
769 3085 862 3145 corais

85 3162 195 3216 Nobilis
212 3168 328 3219 ornatur
344 3165 424 3221 lauro
442 3167 557 3235 collega
572 3165 714 3222 secunda„

76 3236 208 3292 Plebeiae
225 3237 385 3299 Deciorum
406 3245 534 3316 animae,
550 3242 675 3317 plebeia
689 3231 821 3291 suasam
