2040 3510
391 179 530 230 ,suman
546 178 628 229 vr11.
907 191 937 239 51

87 266 133 320 Illi
150 283 331 322 marmoreum
349 271 432 339 caput
449 272 498 335 est,
517 271 566 323 tua
583 269 650 323 vivit
667 269 763 338 image.
914 291 939 327 sa

87 343 139 397 Dic
155 343 229 409 mihi,
246 345 414 398 Teucrorum
430 344 529 414 proles,
546 344 673 398 animalia
690 349 767 398 muta

87 419 153 485 Quis
170 435 303 487 generosa
319 423 400 489 putet
418 421 470 474 nisi
486 421 584 475 tertiat
608 437 707 489 nempe
724 421 863 475 volucrem

86 494 132 549 Sic
150 494 295 549 laudamus
313 513 415 564 equum
433 496 506 550 facili
523 498 566 551 cui
584 497 703 566 plurima
714 497 806 566 palma

86 571 190 626 Fervet
207 576 236 626 et
254 573 375 627 exsultat
392 589 475 627 rauco
493 573 607 628 victoria
625 573 712 627 Circo.

86 648 193 702 Nobilis
210 647 261 711 hic,
280 666 442 718 quoeunque
460 649 535 703 venit
553 649 589 702 de
605 650 736 716 gramine,
755 647 833 716 cujus
914 663 939 700 eo

86 724 167 780 Clara
183 724 248 792 fuga
265 730 330 778 ante
348 726 415 778 alies
433 729 462 780 et
479 725 582 795 primus
599 725 626 777 in
639 740 758 792 aequore
776 724 879 792 pulvis:

86 798 143 854 Sed
160 800 255 853 venale
272 817 356 868 pecus
373 801 507 869 Corythus
523 801 672 870 posteritas
690 803 719 854 et

86 875 196 944 Hirpini
214 877 237 929 si
254 893 316 930 rara
329 876 398 945 jugo
417 876 540 931 Victoria
557 876 638 930 sedit.

86 951 133 1004 Nil
150 951 188 1004 ibi
206 951 340 1019 majorum
358 956 506 1022 respectus,
524 953 614 1021 gratia
630 952 705 1005 nulla

86 1027 266 1082 Umbrarum:
290 1028 414 1082 dominos
430 1029 526 1098 pretiis
543 1033 651 1083 mutare
664 1026 800 1096 jubentur
914 1041 938 1077 cs

86 1103 207 1173 Exiguis,
225 1105 293 1159 trito
311 1106 415 1159 ducunt
433 1104 557 1175 epiredia
574 1105 661 1159 collo.

87 1179 254 1250 segnipedes
272 1181 403 1250 dignique
420 1181 522 1236 molam
538 1197 649 1235 versare
667 1181 694 1234 N
695 1179 790 1249 epotis.

87 1256 160 1325 Ergo
178 1261 210 1312 ut
227 1257 357 1312 miremur
374 1261 404 1311 te
422 1274 476 1311 nou
492 1262 549 1327 tua,
566 1258 684 1326 primum
702 1255 806 1323 aliquid
824 1255 861 1310 du

87 1333 167 1397 Quod
184 1335 285 1402 possim
302 1333 391 1389 titulis
407 1333 537 1402 incidere,
556 1338 666 1403 praeter
683 1332 798 1386 honores

87 1410 161 1474 Quos
177 1409 232 1463 illis
249 1410 346 1463 damus
364 1416 393 1464 et
412 1409 537 1464 dedimus
556 1409 655 1478 quibus
673 1408 763 1462 omnia
781 1407 873 1461 debes.
913 1422 937 1462 to

122 1485 199 1538 Haec
216 1486 281 1538 satis
299 1486 335 1539 ad
349 1485 480 1554 juvenem
498 1503 580 1554 quem
598 1485 676 1539 nobis
692 1486 765 1538 fama
782 1483 932 1552 superbum

86 1560 184 1614 Tradit
202 1564 232 1614 et
248 1561 372 1616 inflatum
390 1561 556 1632 plenumque
574 1562 684 1615 Nerone
701 1559 866 1630 propinquo:

87 1635 177 1688 Rarus
194 1635 266 1688 enim
284 1636 370 1689 ferme
389 1652 484 1690 sensus
501 1637 650 1690 communis
668 1637 696 1689 in
712 1634 758 1688 illa

86 1711 215 1765 Fortuna.
254 1711 309 1764 Sed
326 1716 355 1765 te
373 1712 477 1765 censeri
494 1712 576 1766 laude
595 1715 712 1779 tuorum,

87 1786 207 1856 Pontice,
223 1787 357 1840 noluerim
375 1787 414 1841 sic
431 1790 463 1841 ut
480 1787 548 1840 nihil
565 1788 624 1856 ipse
641 1788 750 1841 futurae
911 1802 936 1840 ts

86 1863 188 1917 Laudis
205 1881 276 1932 agas.
314 1863 446 1917 Miserum
465 1867 508 1917 est
526 1863 640 1917 aliorum
658 1863 815 1918 incumbere
830 1863 927 1930 famae,

85 1939 112 1992 N
113 1956 129 1992 e
147 1940 264 2010 collapsa
281 1942 364 1994 ruant
382 1938 523 1993 subductis
541 1942 617 1993 tecta
634 1939 771 1994 columnis.

85 2016 194 2070 Stratus
211 2015 287 2069 humi
305 2016 408 2085 palmes
426 2015 522 2069 viduas
540 2015 679 2070 desiderat
696 2015 789 2070 ulmos.

85 2092 153 2146 Esto
169 2091 257 2146 bonus
274 2087 359 2158 miles,
378 2095 455 2146 tutor
471 2089 565 2159 bonus,
584 2091 687 2145 arbiter
703 2090 777 2145 idem

85 2168 200 2237 Integer
206 2189 213 2235 ;
236 2168 379 2236 ambiguae
398 2169 421 2221 si
440 2167 548 2237 quando
565 2168 685 2222 citabere
703 2167 782 2221 testis
912 2187 936 2223 oo

85 2245 265 2315 Incertasque
283 2245 331 2312 rei,
350 2244 473 2298 Phalaris
490 2244 555 2298 licet
571 2245 687 2312 imperet
704 2248 736 2298 ut
753 2244 790 2298 sis

84 2321 182 2376 Falsus
200 2325 230 2376 et
246 2322 358 2375 admoto
377 2321 464 2374 dictet
482 2319 604 2394 perjuria
621 2324 707 2385 tauro,

84 2397 225 2452 Summum
244 2399 325 2452 crede
343 2397 419 2450 nefas
437 2397 555 2450 animam
573 2396 712 2466 praeferre
729 2395 828 2466 pudori

84 2474 121 2529 llt
138 2478 252 2544 propter
270 2474 355 2528 vitam
373 2472 482 2526 vivendi
499 2472 616 2542 perdere
635 2489 736 2526 causas.

43 2552 46 2557 '
83 2552 190 2621 Dignus
207 2555 296 2605 morte
313 2550 392 2620 perit,
411 2555 509 2604 coenet
525 2549 591 2604 licet
609 2553 700 2605 ostrea
717 2553 826 2604 centum
920 2565 928 2573 ·

84 2629 211 2684 Gaurana
228 2632 258 2683 et
276 2627 368 2682 Cosmi
385 2629 445 2680 teto
462 2630 605 2695 mergatur
622 2643 697 2681 aeno.

118 2705 286 2775 Exspectata
303 2703 351 2757 diu
368 2702 481 2757 taudem
497 2702 635 2772 provincia
654 2720 737 2771 quum
754 2704 783 2755 te

83 2780 230 2835 Rectorem
247 2781 370 2850 accipiet,
390 2795 461 2848 pone
477 2778 535 2832 irae
552 2778 646 2832 fraena
662 2778 835 2843 modumque,

84 2858 158 2912 Pone
177 2862 206 2914 et
224 2857 365 2912 avaritiae:
384 2855 513 2909 miserere
530 2855 641 2924 inopum
660 2854 808 2916 socierum;

83 2933 154 2988 Ossa
170 2934 248 2988 vides
265 2949 360 3001 regum
378 2931 471 2986 vacuis
488 2935 602 2985 exsucta
619 2929 750 2984 medullis.
908 2945 932 2981 ao

84 3010 200 3077 Respice
217 3010 285 3079 quid
301 3013 431 3063 moneant
448 3008 530 3076 leges,
548 3006 614 3076 quid
632 3005 707 3059 curia
724 3004 844 3069 mandet,

83 3087 209 3141 Praemia
225 3088 329 3155 quanta
345 3083 429 3138 bonos
446 3088 587 3154 maneant,
603 3098 692 3152 uuam
704 3080 827 3133 intusne
835 3077 922 3139 ‘gusto

78 3165 118 3216 Et
137 3161 234 3231 Oaplto
251 3166 281 3218 et
297 3162 432 3217 Numitor
449 3161 566 3217 ruerint
583 3157 746 3214 damnante
759 3150 891 3204 bonam„

68 3238 183 3292 Piratae
201 3237 327 3298 Cilicum.
365 3239 428 3298 Sed
445 3239 523 3311 quid
541 3234 701 3295 damnatio
720 3223 852 3282 contenti

904 3285 955 3326 m
