2018 3578
404 140 536 191 SATIRA
552 139 602 189 VI.
898 141 928 188 33

81 233 177 303 Atque
194 247 289 286 omnes
307 229 403 300 implet
420 246 555 298 numeros,
575 227 732 296 dignissima
749 243 860 297 prorsus

80 309 182 364 Florali
200 312 325 363 matrona
343 308 419 376 tuba,
437 305 489 360 nisi
509 306 531 359 si
551 305 618 375 quid
637 305 666 357 in
684 304 731 357 illo
892 317 929 357 aso

80 386 196 440 Pectore
215 386 277 454 plus
295 384 383 452 agitat
400 399 535 450 veraeque
552 385 667 451 paratur
686 397 793 435 arenae.

80 462 168 527 Quem
184 465 325 530 praestare
343 464 435 527 potest
453 459 550 513 mulier
567 458 675 527 galeata
692 458 825 526 pudorem

81 538 157 601 Quae
174 539 246 606 lugit
263 555 280 591 a
297 538 382 590 sexul
416 536 497 590 Vires
516 539 596 588 amat
633 535 711 587 Haec
728 538 821 587 tamen
839 533 899 602 ipsa

79 615 131 667 Vir
149 614 234 668 nollet
249 614 322 667 fieri:
341 630 403 666 nam
422 611 554 680 quantula
572 614 666 664 nostra
683 609 822 678 voluptas!

80 691 167 754 Quale
186 691 269 744 decus
288 706 380 743 rerum
400 689 422 742 si
442 686 565 756 conjugis
584 687 673 741 auctio
692 686 749 752 fiat,
892 701 927 739 255

80 765 193 820 Balteus
213 770 242 820 et
261 767 383 819 manicae
402 768 431 818 et
449 765 549 817 cristae
568 763 710 830 crurisque
728 761 831 817 sinistri

80 842 229 894 Dimidium
247 845 370 910 tegmen:
391 840 434 894 vel
452 841 475 894 si
495 839 604 894 diversa
622 838 742 892 movebit

81 918 195 984 Proelia,
213 922 245 973 tu
263 918 336 985 felix,
355 933 448 971 ocreas
466 916 603 971 vendente
620 914 719 984 puella.

81 993 143 1046 Hae
162 997 226 1047 sunt
245 1011 316 1063 quae
334 994 410 1048 tonui
429 992 530 1046 sudant
548 992 577 1045 in
595 991 713 1061 cyclade,
732 1008 848 1062 quarum

82 1069 196 1123 Delicias
216 1075 245 1124 et
262 1070 421 1140 panniculus
439 1068 617 1137 bombycinus
635 1067 699 1121 urit.
889 1085 926 1123 roo

82 1147 182 1215 Aspice
200 1163 254 1214 quo
272 1146 385 1200 fremitu
403 1149 569 1199 monstratos
588 1145 709 1212 perierat
727 1144 799 1199 ictus

80 1222 116 1276 Et
134 1227 235 1290 quanto
253 1224 348 1291 galeae
367 1226 496 1276 curvetur
514 1221 643 1291 pondere,
663 1227 767 1290 quanta

80 1304 232 1374 Poplitibus
251 1306 347 1361 sedeat
366 1323 447 1374 quam
465 1309 548 1363 denso
569 1305 653 1358 fascia
671 1305 748 1373 libro,

79 1382 115 1435 Et
134 1382 194 1436 ride
212 1383 308 1452 positis
326 1382 466 1450 scaphium
484 1397 568 1449 quum
586 1381 704 1435 sumitur
722 1381 812 1436 armis.

80 1458 170 1512 Dicite
189 1476 235 1513 vos
254 1462 350 1525 neptes
370 1458 467 1526 Lepidi
486 1457 593 1511 caecive
613 1457 725 1524 Metelli,
890 1473 925 1512 eoo

80 1534 200 1602 Gurgitis
219 1537 267 1588 aut
286 1534 372 1598 Fabii,
392 1550 462 1601 quae
480 1532 557 1585 ludia
574 1534 702 1587 sumserit
720 1551 839 1603 unquam

81 1609 139 1663 Hos
157 1610 282 1664 habitusl
302 1609 410 1677 quando
428 1609 464 1661 ad
482 1608 574 1676 palum
591 1613 684 1675 gemat
700 1626 770 1663 uxor
788 1609 883 1678 Asylil

113 1685 226 1753 Semper
243 1685 327 1739 habet
344 1685 408 1738 lites
427 1684 586 1751 alternaque
601 1685 694 1752 jurgia
711 1685 799 1739 lectus

80 1762 113 1813 ln
131 1777 185 1829 quo
202 1765 288 1829 nupta
301 1759 392 1827 jaoet;
411 1760 553 1813 minimum
570 1759 706 1814 dormitur
722 1762 750 1814 in
768 1761 821 1815 illo.

79 1836 147 1890 Tum
164 1837 253 1905 gravis
269 1836 316 1889 illa
332 1836 397 1900 viro,
416 1839 482 1889 tunc
500 1836 566 1890 orba
583 1837 685 1904 tigride
703 1837 796 1908 pejor3
889 1853 925 1893 aro

79 1913 147 1966 ‘lum
164 1912 273 1966 simulat
289 1913 408 1980 gemitus
424 1911 524 1965 occulti
541 1913 650 1967 conscia
667 1914 741 1982 facti,

78 1990 138 2042 Aut
155 1989 213 2043 odit
229 2005 333 2058 pueros,
352 1990 400 2042 aut
416 1987 481 2042 ficta
498 1987 594 2056 pellice
611 1989 706 2058 plorat,

78 2065 215 2119 Uberibus
232 2081 339 2132 semper
356 2064 474 2118 lacrimis
492 2080 654 2134 semperque
671 2067 776 2134 paratis

78 2141 112 2194 In
129 2141 246 2195 statione
264 2157 313 2194 sna
330 2144 413 2209 atque
431 2141 652 2207 exspectantibus
669 2142 743 2196 illam

77 2219 136 2284 Quo
151 2216 249 2284 jubeat
265 2233 376 2270 manare
393 2216 488 2270 modo:
508 2221 540 2271 tu
557 2217 647 2271 credis
665 2236 792 2286 amorem,
888 2236 923 2276 275

76 2294 116 2348 Tu
135 2293 188 2346 tibi
206 2297 279 2360 tunc,
300 2309 420 2359 curruca,
439 2292 530 2359 places
548 2292 698 2362 fletumque
716 2295 823 2350 labellis

77 2369 220 2435 llxsorbes,
239 2385 309 2438 quae
327 2369 428 2437 scripta
446 2371 476 2421 ot
494 2385 562 2434 quas
581 2369 684 2424 lecture
702 2370 827 2441 tabellas,

75 2446 103 2501 si
122 2445 175 2500 tibi
193 2445 332 2514 zelotypae
350 2447 510 2512 retegantur
529 2445 626 2498 scrinia
637 2447 781 2501 moechae!

75 2522 131 2578 Sed
146 2521 223 2590 jacet
240 2521 268 2574 in
286 2520 357 2574 servi
375 2519 560 2586 complexibus
578 2525 627 2575 aut
644 2523 751 2590 equitis.
788 2523 848 2592 Dic,

74 2599 126 2653 Dic
143 2599 261 2667 aliquem
280 2596 360 2650 sodes
378 2596 430 2658 hic,
450 2595 623 2664 Quintiliane,
642 2598 768 2653 colorem.
884 2617 920 2654 aso

74 2674 275 2729 “Haeremus''
310 2674 361 2727 Dic
379 2672 445 2741 ipsa
483 2671 580 2725 “Olim
599 2676 783 2743 convenerat,”
802 2676 890 2744 inquit

74 2751 137 2805 “Ut
157 2752 261 2805 iaceres
279 2753 312 2805 tu
330 2749 403 2819 quod
422 2749 513 2816 velles,
532 2765 653 2803 necnon
673 2768 724 2819 ego
743 2768 849 2820 possem

75 2827 222 2896 Indulgere
240 2827 320 2881 mihi:
341 2826 442 2880 clames
461 2825 526 2879 licet
545 2829 575 2879 et
594 2842 668 2880 mare
688 2828 762 2880 caelo

74 2903 237 2972 Confundas,
250 2905 331 2957 homo
342 2903 425 2957 sum.”
461 2902 537 2956 Nihil
556 2907 599 2957 cst
618 2903 746 2957 audacius
764 2901 818 2956 illis

74 2979 235 3048 Deprensis;
255 2981 324 3033 iram
343 2984 427 3048 atque
445 2978 548 3032 animos
567 2995 584 3032 a
601 2978 713 3032 crimine
733 2982 852 3031 sumunt.
885 2995 921 3034 aas

108 3054 190 3109 Unde
200 3056 268 3110 haec
279 3059 402 3110 monstra
413 3059 504 3109 tamen
516 3054 560 3108 vel
577 3071 631 3123 quo
644 3053 679 3107 de
690 3053 766 3106 fonte
777 3055 925 3113 remarks&

73 3131 236 3186 Praestabat
253 3134 343 3186 castas
360 3130 472 3185 humilis
488 3131 608 3184 fortuna
620 3128 749 3182 haume

72 3205 221 3278 Quondam,
241 3225 292 3266 nec
310 3207 390 3266 vitiis
408 3208 543 3279 contingi
557 3219 653 3276 porra
669 3196 794 3254 sumat
902 3257 931 3292 Ὦ
