2040 3510
406 160 551 211 'SATIRA
568 161 619 210 XI.
912 160 941 215 71

92 247 130 304 Et
150 265 240 305 coram
261 249 379 304 dominis
399 249 581 304 consumitur:
604 248 670 304 inde
691 249 739 305 ubi
758 250 879 321 paullum
915 256 919 261 ’

93 326 193 381 Nescio
214 326 281 395 quid
300 329 425 395 superest
444 329 473 381 et
485 325 570 396 pallet
589 326 690 381 fenoris
709 331 811 397 auctor,

93 402 146 468 Qui
165 406 273 457 vertere
293 402 380 456 solum
400 402 480 456 Baias
499 404 529 455 et
549 401 586 455 ad
604 402 683 456 Ostia
702 407 830 460 currunt:

93 477 199 533 (ledere
217 495 336 548 namque
355 478 413 531 1616
433 480 493 546 jam
512 495 565 530 non
587 481 630 532 est
649 478 772 533 deterius
791 496 873 547 quam
917 494 942 534 sa

93 554 229 623 Esquilias
250 554 401 608 aferventi
422 556 539 623 migrare
560 553 689 608 Saburra.

93 629 146 686 1116
164 631 241 685 dolor
260 631 333 684 solus
351 631 470 700 patriam
488 630 664 699 fugientibus,
683 631 731 686 illa

92 706 234 762 Moestitia
254 712 303 774 est,
323 707 442 761 66161666
461 723 532 760 6666
552 705 724 761 Circensibus
742 723 804 764 666.

92 783 237 853 Sanguinis
256 784 284 837 in
303 784 371 838 facie
392 801 445 837 non
465 784 561 837 haeret
581 786 673 850 gutta:
697 789 838 840 morantur

92 859 177 914 Pauci
195 860 340 914 ridiculum
358 861 507 929 fugientem
527 875 561 912 cx
580 857 657 913 Urbe
676 860 820 916 Pudorem.
918 878 943 917 15

127 936 278 1006 Experiere
297 937 379 990 hodie
400 935 533 1005 numquid
551 935 714 1004 pulcerrima
732 936 816 1006 dictu,

92 1011 209 1082 Persice,
227 1030 282 1066 non
300 1017 438 1083 praestem
457 1013 515 1067 vita
535 1012 579 1067 vel
598 1011 718 1066 moribus
739 1017 769 1067 et
789 1031 827 1082 16,

91 1088 148 1143 Sed
165 1089 274 1143 laudem
294 1089 406 1158 siliquas
427 1089 549 1143 occultus
567 1104 661 1157 ganeo,
680 1089 771 1158 pultes

92 1163 191 1219 (loram
209 1165 269 1219 aliis
289 1166 392 1220 dictem
411 1183 496 1235 puero
517 1165 568 1220 sed
587 1165 616 1219 in
636 1181 702 1218 aure
720 1165 865 1235 placentas

92 1241 163 1295 Nam
183 1259 267 1311 quum
287 1243 324 1296 sis
343 1243 454 1297 conviva
473 1242 541 1296 mihi
559 1241 708 1310 promissus
727 1241 840 1297 habebis
917 1259 942 1298 66

91 1316 256 1388 Evandrum,
276 1320 368 1374 venies
388 1318 544 1389 Tirynthius
563 1321 611 1373 661
629 1317 719 1371 minor
738 1318 785 1372 illo

92 1392 200 1462 Hospes
221 1398 250 1448 et
268 1396 327 1464 ipse
347 1400 439 1450 tamen
457 1395 616 1462 contingens
636 1393 766 1462 sanguine
785 1395 898 1464 caelum,

91 1467 174 1523 Alter
192 1471 278 1539 aquis,
297 1472 367 1526 alter
385 1471 502 1524 flammis
520 1471 557 1524 ad
576 1469 668 1523 sidera
686 1470 793 1527 missus.

91 1543 208 1600 Fercula
231 1564 303 1602 nunc
322 1548 386 1602 audi
407 1548 487 1602 nullis
506 1551 603 1601 ornata
620 1546 747 1601 macellis.

90 1618 134 1674 Dc
154 1621 298 1676 Tiburtino
316 1624 407 1678 veniet
425 1623 619 1692 pinguissimas
638 1637 704 1690 agro
917 1639 941 1680 61

91 1695 236 1752 Haedulus
256 1703 285 1753 et
304 1702 363 1754 toto
385 1717 469 1768 grege
487 1698 602 1765 mollior,
620 1698 722 1752 inscius
733 1697 842 1768 herbae,

90 1772 215 1828 Necdum
234 1791 316 1829 ausus
337 1776 427 1844 virgas
446 1775 556 1829 humilis
575 1774 702 1828 mordere
720 1775 817 1843 salicti,

90 1849 143 1915 Qui
162 1849 225 1920 plus
244 1851 323 1905 lactis
341 1851 426 1905 habet
441 1868 523 1921 quam
544 1849 695 1919 sanguinis:
719 1853 749 1904 et
768 1852 890 1905 montani

90 1927 234 1996 Asparagi,
253 1927 344 1995 posito
364 1945 432 1998 quos
452 1929 519 1997 legit
539 1927 629 1981 villica
644 1927 711 1981 fuso.

90 1999 212 2056 Grandia
229 2008 373 2072 practerea
391 2008 520 2074 tortoque
539 2003 658 2057 calentia
675 2003 755 2058 foeno
915 2017 940 2058 16

89 2075 148 2131 016
166 2078 267 2133 adsunt
286 2079 352 2149 ipsis
372 2097 433 2134 eum
452 2079 585 2135 matribus
605 2083 635 2135 et
653 2083 778 2134 66116166

89 2152 174 2208 Ρ6116
192 2155 256 2208 anni
277 2156 371 2225 quales
392 2157 501 2212 fuerant
521 2157 550 2211 in
570 2155 673 2211 11111116
692 2173 774 2211 uvae:

89 2227 230 2298 Signinum
249 2230 411 2301 Syriumque
430 2235 527 2302 pirum,
546 2233 582 2287 de
600 2232 726 2288 corbibus
744 2233 832 2288 isdem

88 2305 207 2360 Aemula
224 2308 330 2362 Picenis
348 2313 377 2363 et
394 2309 484 2365 odoris
503 2311 574 2364 mala
591 2311 716 2377 recentis,

88 2381 147 2436 Nec
163 2384 312 2439 metuenda
329 2385 389 2454 tibi,
407 2387 538 2441 siccatum
555 2386 655 2455 frigore
672 2390 818 2457 postquam
912 2402 936 2444 16

88 2457 261 2514 Autumnum
278 2465 308 2516 et
326 2462 404 2516 crudi
422 2479 538 2533 posuere
556 2463 677 2532 pericula
694 2463 775 2516 succi.

122 2534 199 2590 Haec
217 2536 281 2590 olim
298 2538 385 2591 nostri
405 2538 465 2607 jam
483 2539 622 2593 luxuriosa
640 2539 756 2593 Senatus

87 2608 178 2666 Ooena
194 2612 253 2666 fnit.
291 2613 389 2669 061166
406 2631 491 2684 parvo
509 2631 580 2684 quae
597 2614 703 2682 legerat
720 2613 800 2668 horto

87 2685 153 2756 Ipse
169 2688 237 2742 16616
256 2689 382 2743 brevibus
400 2691 520 2760 ponebat
537 2690 663 2757 oluscula,
676 2707 746 2759 quae
763 2707 834 2745 nunc

86 2760 233 2830 Squalidus
249 2764 278 2818 in
295 2782 394 2833 magna
411 2765 517 2820 fastidit
534 2765 666 2836 compede
683 2765 776 2834 fossor,
910 2782 935 2822 66

87 2838 139 2904 Qui
157 2841 281 2896 meminit
298 2841 401 2895 calidae
418 2842 508 2911 sapiat
525 2842 593 2911 quid
610 2843 690 2896 16116
707 2842 828 2910 popinae.

86 2913 155 2969 Sicci
171 2919 249 2986 terga
266 2918 329 2983 suis,
346 2933 409 2971 rara
425 2917 575 2987 pendentia
591 2921 673 2987 61616,
742 2984 746 2988 g

86 2989 171 3046 Moris
188 2997 249 3048 erat
265 2992 403 3063 quondam
421 2994 499 3048 iestis
515 3012 623 3049 6611616
642 2995 738 3050 diebus

87 3065 124 3120 Et
140 3069 295 3123 natalicium
313 3069 438 3137 cognatis
454 3085 557 3140 ponere
574 3071 695 3138 lardum,

82 3142 242 3199 Aoeedente
259 3161 338 3215 nova,
357 3145 381 3202 si
399 3164 488 3218 quam
506 3147 720 3211 1616116616.Ὶ
734 3158 832 3197 carne.
935 3148 969 3182 16

75 3213 264 3285 0061111611
283 3221 387 3297 aliquis
405 3225 497 3284 6166
514 3227 563 3283 er
582 3220 724 3281 censos
739 3220 834 3280 6661
