2040 3510
403 191 540 254 SATIRA
556 191 590 240 V.
897 191 927 238 23

77 277 156 332 Inter
173 295 222 332 vos
239 277 347 347 quoties
364 277 580 346 libertorumque
597 276 737 332 eohortem

74 355 173 424 Pugna
190 355 338 423 Saguntina
355 355 444 409 fervet
461 354 604 408 commissa
621 352 728 421 lagena,

77 421 143 500 Ipse
160 430 286 500 capillato
304 430 431 485 diffusum
451 431 568 485 Consule
585 432 664 498 potat
904 444 930 484 ao

77 507 271 575 calcatamque
287 511 365 561 tenet
382 507 462 561 bellis
480 506 623 563 socialibus
640 522 729 574 uvam,

77 583 209 637 Oardiaco
226 600 365 651 nunquam
383 583 511 651 cyathum
528 583 661 639 missurus
684 581 778 636 amieo.

78 659 145 714 Cras
163 658 240 712 bibet
258 659 375 713 Albanis
392 658 496 726 aliquid
514 658 549 712 de
567 656 705 715 montibus
723 661 772 712 aut
789 657 825 712 de

77 736 185 801 Setinis,
203 735 282 803 cujus
299 736 418 804 patriam
436 735 601 802 titulumque
619 736 744 788 senectus

77 811 186 865 Delevit
203 811 290 864 multa
307 811 407 865 veteris
425 810 537 878 fuligine
555 813 662 874 testae;
902 827 929 866 aa

78 887 164 952 Quale
180 886 301 943 coronati
319 886 438 940 Thrasea
456 885 656 953 Helvidiusque
673 883 806 940 bibebant

77 963 225 1016 Brutorum
243 965 273 1018 et
291 962 367 1016 Cassi
385 962 529 1016 natalibus.
567 961 632 1028 Ipse
650 977 762 1028 capaces

78 1039 227 1093 Heliadum
245 1043 351 1093 crustas
369 1042 398 1093 et
416 1038 572 1106 inaequales
589 1037 692 1104 beryllo

77 1114 161 1168 Virro
178 1117 255 1168 tenet
272 1115 390 1183 phialas:
416 1114 466 1168 tibi
483 1130 537 1170 non
554 1112 737 1168 committitur
752 1130 864 1181 aurum;

77 1190 137 1258 Vel,
156 1191 306 1260 siquando
325 1191 415 1259 datur,
433 1194 524 1245 eustos
542 1189 637 1244 affixus
655 1188 757 1245 ibidem
903 1209 927 1249 ro

77 1268 130 1332 Qui
148 1271 274 1325 numeret
289 1284 418 1334 gemmas,
436 1283 541 1335 ungues
559 1265 685 1320 observor
703 1270 802 1322 acutos

76 1345 119 1398 Da
137 1344 256 1398 veniam:
281 1345 423 1412 praeclara
440 1343 496 1396 illio
513 1341 642 1396 laudatur
660 1340 751 1410 iaspis,

77 1421 148 1474 Nam
167 1419 256 1486 Virro,
277 1423 309 1474 ut
326 1419 414 1486 multi,
432 1435 555 1486 gemmas
572 1417 608 1471 ad
626 1418 722 1486 pocula
739 1420 871 1476 transfert

77 1493 104 1546 A
123 1492 224 1561 digitis,
242 1512 311 1564 quas
329 1495 357 1548 in
374 1495 489 1562 vaginae
506 1495 596 1548 fronte
615 1493 720 1547 solebat

77 1567 182 1625 Ponere
200 1570 323 1640 zelotypo
338 1569 448 1638 juvenis
465 1569 605 1639 praelatus
624 1569 731 1623 Iarbae.
903 1588 928 1629 4⁵

77 1643 117 1697 'lu
136 1645 323 1701 Beneventani
340 1647 441 1700 sutoris
456 1662 555 1705 nomen
573 1645 721 1698 habentem

78 1719 197 1775 Siccabis
214 1722 325 1776 calicem
343 1738 470 1776 nasorum
488 1725 613 1790 quatuor,
631 1720 689 1787 acj

78 1794 241 1859 Quassatam
259 1803 288 1851 et
305 1803 388 1867 rupto
405 1801 562 1867 poscentem
580 1796 682 1850 sulfura
700 1796 778 1851 vitro.

77 1870 106 1925 Si
124 1873 279 1928 stomachus
296 1875 398 1928 domini
416 1875 504 1928 fervet
521 1874 638 1942 vinoque
656 1871 777 1941 ciboque,

78 1947 214 2017 Frigidior
232 1949 335 2004 Geticis
352 1952 456 2018 petitur
474 1950 587 2004 decocta
603 1948 719 2018 pruinis:
903 1971 928 2010 ω

76 2023 103 2077 N
104 2040 139 2077 on
157 2025 254 2079 eadem
271 2026 347 2081 vobis
364 2028 430 2097 poni
447 2027 528 2080 modo
545 2026 608 2079 vina
626 2025 778 2092 querebar?

76 2099 134 2153 Vos
149 2100 229 2160 aliam
247 2103 349 2171 potatis
366 2119 472 2173 aquarn.
509 2102 568 2156 Tibi
585 2100 683 2170 pocula
700 2118 794 2156 cursor

77 2176 212 2232 Gaetulus
230 2177 308 2232 dabit
325 2183 374 2233 aut
392 2180 464 2247 nigri
481 2195 578 2232 manus
596 2193 673 2232 ossea
690 2177 787 2246 Mauri,

77 2253 114 2307 nt
129 2255 173 2307 eui
190 2271 241 2324 per
257 2255 377 2309 mediam
395 2256 464 2309 nolis
481 2271 622 2309 occurrere
646 2259 755 2309 noctem

77 2330 202 2384 Clivosae
219 2331 326 2390 veheris
344 2332 410 2388 dum
428 2350 478 2402 per
495 2336 670 2385 monumenta
689 2331 810 2387 Latinae.
901 2352 926 2392 55

77 2405 141 2459 Flos
160 2406 244 2463 Asiae
261 2411 325 2460 ante
342 2407 439 2476 ipsum,
457 2407 547 2476 pretio
565 2407 670 2475 majore
687 2410 798 2475 paratus

77 2481 165 2546 Quam
182 2482 236 2536 fuit
253 2485 283 2536 et
300 2483 369 2537 Tulli
386 2501 482 2537 census
499 2485 630 2552 pugnacis
646 2487 676 2537 et
693 2484 765 2538 Anci

77 2558 120 2624 Et,
139 2574 174 2611 ne
191 2561 221 2612 te
239 2560 355 2626 teneam,
375 2560 558 2613 Romanorum
576 2561 667 2613 omnia
683 2576 780 2627 regum

77 2633 193 2687 Frivola
230 2633 310 2698 Quod
328 2653 412 2702 quum
430 2636 469 2689 ita
481 2636 524 2704 sit,
536 2639 568 2690 tu
580 2636 727 2690 Gaetulum
740 2638 924 2708 Ganymedem

78 2709 193 2778 Respice
211 2726 295 2779 quum
314 2711 397 2765 sities.
433 2712 529 2767 Nescit
545 2715 589 2766 tot
606 2713 726 2767 millibus
744 2718 834 2770 emtus
902 2734 926 2772 oo

78 2785 248 2854 Pauperibus
265 2786 380 2845 miscere
397 2805 483 2856 puer:
501 2787 551 2841 sed
568 2789 663 2855 forma,
682 2791 731 2843 sed
749 2794 825 2846 aetas

77 2861 167 2929 Digna
184 2862 334 2930 supercilio.
370 2863 484 2928 Quando
502 2864 538 2917 ad
555 2867 584 2918 te
602 2867 727 2933 pervenit
743 2867 808 2921 illel

77 2935 200 3014 Quando¹
210 2940 321 2991 vocatus
342 2939 422 2994 adest
439 2937 543 2993 calidae
559 2941 721 3010 gelidaequa
738 2943 880 3002 ministeri

77 3011 184 3081 Quippe
200 3012 359 3082 indignatur
375 3015 463 3069 veteri
480 3031 576 3083 parere
593 3016 694 3084 clienti,

77 3087 211 3157 Quodque
228 3089 333 3158 aliquid
350 3108 445 3161 poscas
463 3095 493 3146 et
515 3092 590 3161 quod
607 3110 637 3148 se
661 3097 752 3147 stante
775 3095 924 3150 recumbas.

77 3164 198 3219 Maxima
216 3182 340 3234 quosque
358 3167 456 3222 domus
473 3169 558 3223 servis
576 3172 619 3223 cst
636 3169 719 3237 plena
734 3169 878 3234 superbis.
907 3184 940 3214 ss

76 3239 147 3294 Ecce
164 3239 232 3298 alius
248 3244 352 3315 quanto
368 3243 498 3314 porrexit
513 3258 664 3298 murmure
677 3254 791 3314 ponem
