2040 3510
83 182 114 230 ro
209 160 212 165 ’
319 182 704 232 D.JUN11JUVENALIS

83 270 214 326 Vicorum
234 271 338 326 inflexu
361 274 390 325 et
410 272 508 326 stantis
529 271 649 326 convicia
669 271 800 327 mandrae

82 346 209 417 Eripiunt
227 365 351 402 somnum
374 347 463 402 Druso
481 348 629 417 vitulisque
650 348 768 402 marinis.

82 421 112 476 Si
130 427 211 478 vocat
233 424 358 491 officium,
378 424 461 479 turba
480 424 596 479 cedente
614 425 731 479 vehetur

81 496 164 552 Dives
186 502 215 553 et
233 499 338 568 ingenti
358 503 452 554 curret
472 517 555 570 super
573 517 622 554 ora
640 501 770 568 Liburno,
901 517 938 557 aro

84 576 177 642 Atque
197 574 287 628 obiter
300 576 375 644 leget
392 579 441 630 aut
461 575 563 630 scribet
580 576 624 631 vel
644 577 762 632 dormiet
780 577 867 633 intus:

81 649 208 718 Namque
226 650 293 711 iacit
312 667 436 706 somnum
455 653 547 706 clausa
565 651 662 706 lectica
681 653 809 708 fanestra.

83 728 157 780 Ante
176 730 268 780 tamen
286 726 392 782 reniet:
416 727 494 782 uobis
515 730 727 798 properantibus
746 730 838 784 obstat

80 800 163 855 Unda
182 803 265 872 prior,
285 819 384 871 magno
403 803 521 874 populus
539 805 640 874 premit
659 805 767 873 agmine
785 803 891 858 lumbos

81 879 134 943 Qui
153 879 292 948 sequitur;
314 878 380 934 ferit
399 880 444 934 hic
462 880 561 946 cubito,
581 880 646 935 ferit
668 897 760 934 assere
779 880 847 934 duro
899 895 934 935 aaa

81 954 179 1010 Alter:
201 958 230 1009 at
248 955 294 1010 hic
311 956 418 1024 tignum
436 956 521 1026 capiti
540 957 648 1024 incutit,
667 957 713 1010 ille
732 960 886 1011 metretam.

81 1029 196 1099 Pinguia
217 1049 297 1086 crura
315 1031 382 1099 luto,
401 1033 498 1102 planta
517 1048 581 1086 mox
604 1032 727 1101 undique
748 1049 848 1100 magna

79 1106 182 1174 Calcor,
204 1109 281 1162 etin
302 1107 389 1176 digito
408 1108 502 1162 clavus
521 1109 589 1162 mihi
608 1108 703 1161 militis
722 1107 827 1163 haeret.

79 1183 176 1237 Nonne
195 1183 271 1237 vides
290 1187 392 1251 quanto
412 1183 568 1237 celebretur
587 1183 711 1252 sportula
728 1183 822 1238 firmo?

80 1258 197 1312 Centum
215 1259 356 1324 convivae3
380 1258 504 1329 sequitur
524 1275 574 1313 sua
594 1275 730 1328 quemque
750 1258 846 1312 culina.
897 1274 934 1315 aso

79 1334 196 1389 Corbulo
215 1335 260 1392 vix
278 1335 364 1388 ferret
386 1338 429 1389 tot
449 1351 514 1389 vasa
531 1335 660 1403 ingentia,
681 1337 723 1388 tot
743 1350 788 1387 res

80 1411 227 1480 impositas
248 1411 340 1480 capiti,
362 1415 430 1479 quot
450 1414 526 1465 recto
547 1411 649 1465 vertice
667 1412 761 1480 portat

79 1486 206 1541 Servulus
224 1487 319 1541 infelix
340 1491 371 1541 et
388 1504 469 1541 cursu
487 1487 601 1541 ventilat
622 1487 719 1555 ignem.

79 1563 246 1617 Scinduntur
264 1564 372 1618 tunicae
391 1567 483 1618 sartae
500 1563 591 1618 modo.
628 1563 723 1631 Longa
741 1566 864 1618 conlocat

78 1638 192 1694 Sarraco
210 1640 337 1694 veniente
357 1639 440 1708 abies,
460 1643 545 1709 atque
563 1639 651 1694 altera
665 1639 759 1708 pinum
897 1655 934 1697 ate

78 1714 206 1771 Plaustra
224 1717 342 1782 vehunt;
365 1719 465 1771 nutant
485 1717 541 1771 alte
561 1717 716 1787 populoque
734 1715 888 1773 minantur:

77 1791 150 1846 Nam
169 1794 191 1847 si
212 1794 361 1863 procubuit
380 1793 428 1863 qui
447 1811 514 1848 saxa
532 1793 673 1861 Ligustica
694 1796 789 1863 portat

79 1869 148 1923 Axis
167 1873 197 1923 et
217 1886 344 1924 eversum
362 1870 435 1924 fudit
453 1886 537 1939 super
558 1871 666 1937 agmina
687 1872 817 1937 montem,

78 1944 152 2010 Quid
169 1949 294 2016 superest
314 1945 349 2000 dc
368 1946 546 2016 corporibusl
571 1947 631 2013 quis
652 1945 782 2012 membra,
795 1945 856 2013 quis
871 1961 933 1999 ossa

77 2020 209 2077 Invenitl
245 2021 387 2076 Obtritum
407 2022 481 2090 vulgi
502 2022 576 2091 perit
596 2036 675 2074 omne
694 2020 809 2074 cadaver
896 2035 933 2074 aso

78 2098 156 2152 More
174 2098 287 2153 animae.
325 2098 430 2152 Domus
448 2097 556 2152 interea
577 2113 672 2151 secura
691 2095 809 2165 patellas

78 2175 144 2228 Jam
162 2174 237 2228 lavat
257 2177 286 2228 et
306 2173 392 2228 bucca
410 2174 530 2227 foculum
551 2173 654 2227 excitat
673 2177 703 2226 et
721 2176 800 2225 sonat
819 2170 909 2225 unctis

78 2250 224 2319 Striglibus
242 2255 271 2305 ct
291 2251 372 2320 pleno
394 2250 531 2320 componit
551 2249 636 2303 lintea
653 2250 741 2316 gutto.

79 2326 156 2381 Haec
174 2327 247 2381 inter
264 2344 364 2396 pueros
382 2327 457 2381 varie
478 2330 677 2396 properantur:
701 2323 794 2378 atille

78 2403 143 2457 Jam
164 2403 243 2458 sedet
264 2403 294 2457 in
314 2404 375 2473 ripa
395 2407 552 2471 tetrumque
572 2401 691 2454 novicius
710 2400 804 2454 horret
896 2413 932 2455 tot

79 2479 233 2547 Porthmea,
253 2496 303 2533 nec
321 2484 414 2549 sperat
432 2479 540 2533 coenosi
559 2477 676 2545 gurgitis
695 2476 787 2530 alnum

78 2555 185 2623 Infelix,
204 2573 255 2610 nec
275 2555 359 2610 habet
377 2572 458 2625 quem
479 2555 604 2625 porrigat
622 2570 669 2608 ore
691 2553 827 2606 trientem.

113 2633 229 2703 Respice
248 2650 320 2687 nunc
340 2633 394 2688 alia
414 2650 446 2688 ac
467 2633 575 2686 diversa
594 2629 716 2700 pericula
736 2629 838 2683 noctis:

79 2709 159 2775 Quod
179 2710 297 2780 spatium
319 2710 400 2764 tectis
419 2707 589 2775 sublimibus,
610 2705 684 2760 undo
703 2705 845 2760 cerebrum

78 2785 160 2842 Testa
178 2788 249 2853 ferit,
271 2786 379 2856 quoties
398 2785 498 2839 rimosa
518 2788 548 2839 et
569 2787 648 2838 curta
667 2781 792 2836 fenestris
897 2800 934 2841 mo

77 2863 152 2917 Vasa
172 2863 286 2928 cadunt;
307 2866 409 2930 quanto
430 2878 589 2932 percussum
608 2858 729 2930 pondere
748 2856 855 2926 signent

78 2939 115 2993 at
133 2939 245 2994 laedant
264 2939 374 2993 silicem.
412 2938 502 2992 Possis
521 2938 634 3006 ignauis
652 2933 747 2988 haberi

78 3015 115 3069 Et
133 3016 216 3070 subiti
236 3033 314 3070 casus
333 3015 508 3085 improvidus,
528 3014 565 3068 ad
586 3027 696 3067 coenam
717 3010 740 3064 si

68 3092 231 3144 Intestatus
249 3109 302 3145 aas.
338 3093 421 3146 Adeo
439 3094 483 3145 tot
503 3091 562 3144 fata
583 3091 650 3159 quot
669 3087 717 3141 illa

46 3159 147 3236 ἕγθθίθ
157 3168 268 3226 Patent
292 3168 398 3237 vigiles,
423 3171 453 3222 te
475 3168 683 3240 praetereunte,
699 3163 847 3218 fenestrae.
898 3177 936 3217 ars

39 3221 112 3282 &13⁷0
133 3236 222 3298 optes
244 3243 406 3314 votumque
424 3245 506 3303 feras
527 3242 694 3303 miserabile
712 3244 819 3309 ascum
