2040 3510
405 150 547 219 'sirini
563 171 629 221 x11.
914 175 944 226 rr

99 261 137 315 llt
154 277 294 331 nunquam
311 259 376 315 visis
396 258 511 326 triginta
527 259 600 314 clara
618 260 748 316 mamillis

99 336 220 391 Tandem
238 337 325 391 intrat
343 335 446 404 positas
464 335 567 390 inclusa
585 352 635 406 per
655 353 775 405 aequora
792 337 876 392 moles
921 351 945 392 re

98 412 318 483 Tyrrhenamque
339 412 446 466 Pharon
466 417 645 482 porrectaque
663 413 775 468 brachia
795 431 910 483 rursum,

96 490 174 556 Quae
193 489 290 559 pelago
308 494 452 544 occurrunt
470 491 561 544 medio
579 491 714 560 longeque
731 492 888 560 relinquunt

97 566 214 622 Italiam.
249 568 310 620 Non
332 568 369 620 sic
388 567 471 635 igitur
489 569 625 622 mirabere
642 572 739 638 portus

97 642 171 708 Quos
190 647 291 698 natura
310 642 401 696 dedit:
425 643 474 697 sed
492 647 592 698 trunca
610 660 702 714 puppe
720 645 852 714 magister

97 719 234 773 Interiora
251 719 329 788 petit,
349 719 467 774 Baianae
486 721 580 789 pervia
600 721 717 790 cymbae,
918 736 944 778 so

96 795 159 851 'luti
177 800 276 864 stagna
291 796 373 864 sinus,
394 796 516 864 gaudent
534 795 581 849 ubi
601 797 704 851 vertice
721 814 783 852 raso

96 871 213 926 Garrula
234 873 321 926 securi
339 888 451 926 narrare
469 872 589 940 pericula
606 876 712 928 nautae.

96 948 142 1004 Ite
160 949 251 1018 igitur,
270 949 355 1016 pueri,
375 948 475 1016 linguis
496 948 645 1017 animisque
663 949 787 1003 faventes

95 1023 229 1093 Sertaque
248 1023 370 1078 delubris
387 1027 418 1078 et
434 1024 509 1077 farra
525 1025 657 1093 imponite
675 1024 771 1078 cultris

96 1103 139 1154 Ac
159 1100 253 1153 melles
271 1104 367 1153 ornate
384 1100 457 1153 iocos
477 1099 640 1168 glebamque
658 1100 799 1155 virentem.
917 1115 942 1154 eu

94 1176 159 1229 Jam
178 1179 333 1244 sequeret,
353 1192 430 1230 sacro
449 1175 523 1245 quod
542 1179 667 1245 praestat
686 1176 741 1230 rite
759 1178 877 1245 peracto,

95 1251 166 1306 Inde
186 1252 297 1304 domum
313 1256 443 1321 repetam,
456 1252 571 1320 graciles
590 1251 637 1306 ubi
655 1268 739 1322 parva
757 1269 870 1307 coronas

94 1328 241 1396 Accipiunt
259 1328 349 1396 fragili
373 1328 516 1382 simulacra
535 1329 651 1382 nitentia
671 1345 740 1383 cera

95 1404 149 1458 Hic
169 1407 293 1457 nostrum
313 1403 428 1473 placabo
447 1404 553 1470 Jovcm,
575 1404 746 1473 Laribusque
765 1407 888 1474 paternis

93 1480 165 1533 'l'nra
185 1479 264 1547 dabo,
284 1484 368 1549 atque
386 1496 480 1533 omnes
500 1481 587 1534 violae
606 1478 717 1548 jactabo
737 1481 848 1537 colores.
916 1496 941 1536 eo

94 1556 199 1611 Cuncta
217 1557 322 1620 nitent;
345 1557 438 1624 longos
458 1556 546 1609 erexit
563 1556 648 1624 janua
667 1573 757 1610 ramos

93 1631 130 1685 Et
147 1632 289 1686 matutinis
308 1634 438 1700 operatur
458 1632 529 1686 festa
547 1631 671 1686 lucernis.

127 1708 185 1763 Nec
204 1712 330 1778 suspecta
349 1706 401 1761 tibi
420 1706 475 1761 sint
493 1707 567 1774 haec,
587 1708 716 1775 Ooriine3
740 1709 870 1778 Catullus,

93 1782 148 1838 Pro
166 1785 244 1853 cujus
263 1785 354 1838 reditu
373 1785 416 1838 tot
434 1801 505 1854 pono
523 1785 629 1852 altaria,
648 1802 746 1854 parvos

92 1861 159 1915 Tres
170 1861 388 1914 hebetheredes.
427 1860 506 1914 bibet
517 1865 677 1930 exspectare
691 1863 752 1931 quis
765 1879 875 1931 aegram
913 1878 938 1917 as

92 1936 129 1991 Ilt
148 1936 320 1991 claudentem
339 1936 431 1990 oculos
450 1936 577 2004 gallinam
595 1937 739 2007 impendat
759 1940 845 1993 amico

92 2013 157 2067 'lam
169 2013 263 2068 sterili
300 2013 404 2066 Verum
418 2012 485 2066 baec
496 2013 579 2066 nimia
590 2016 634 2066 est
644 2014 781 2083 impensa;
796 2018 921 2069 ootundx

91 2089 173 2143 Nulla
189 2105 309 2158 unquam
329 2105 379 2158 pro
395 2092 474 2157 patro
494 2088 581 2143 cadet.
618 2089 726 2144 Sentire
745 2090 862 2145 calorem

91 2164 120 2219 Si
140 2166 230 2234 coepit
250 2165 370 2234 locuples
391 2164 492 2218 Gallita
514 2168 544 2218 et
564 2164 675 2219 Paccius
694 2164 761 2234 orbi,

91 2241 227 2310 LegItime
245 2242 307 2294 fixis
325 2241 441 2294 vestitur
459 2245 519 2295 tota
537 2241 646 2295 tabellis
901 2256 937 2296 roo

91 2316 228 2381 Porticus3
247 2318 383 2371 exsistunt
402 2317 449 2385 qui
469 2317 635 2385 promittunt
652 2317 841 2385 hecatomben,

91 2393 230 2458 Quatenus
248 2392 292 2446 bic
309 2409 363 2445 non
383 2395 447 2445 sunt
466 2408 516 2447 nec
533 2392 643 2447 venales
662 2393 807 2463 elephanti,

89 2469 147 2524 Nec
168 2469 247 2523 Latio
265 2474 314 2523 aut
332 2484 448 2536 usquam
467 2468 518 2522 snb
538 2473 631 2523 nostre
652 2468 742 2524 sidere
759 2470 822 2524 talis

90 2545 185 2599 Bellua
203 2545 367 2614 concipitur:
390 2543 440 2597 sed
458 2544 536 2598 furva
554 2548 637 2613 gente
658 2546 747 2614 petita

88 2621 242 2675 Arboribus
263 2620 371 2675 Rutulis
392 2624 421 2674 et
442 2620 525 2674 Turni
547 2620 669 2690 pascitur
687 2638 760 2690 agre,
901 2638 936 2677 ne

89 2696 211 2752 Caesaris
230 2701 392 2765 armentum,
412 2697 478 2750 nulli
497 2697 599 2750 servire
619 2703 746 2767 paratum

88 2772 217 2838 Privat03
241 2771 376 2842 siquidem
397 2773 475 2840 'lyrio
495 2789 593 2842 parere
615 2774 737 2829 solebant

88 2847 235 2902 Hannibali
255 2855 283 2902 ct
301 2849 401 2903 nostris
419 2848 533 2902 ducibus
551 2849 665 2918 regique
684 2850 800 2907 Molosso

88 2924 195 2978 Horum
214 2924 331 2993 majores
351 2941 382 2977 ac
401 2924 483 2977 dorso
501 2924 572 2978 imre
590 2925 721 2994 cohortes,

87 2999 198 3054 Partem
213 3001 330 3069 aliquam
346 2999 410 3055 belli
431 3004 460 3055 et
476 3004 587 3054 euntem
608 3000 636 3053 in
652 3002 754 3070 proelia
773 3003 878 3058 turrim.
898 3017 934 3056 no

86 3075 169 3129 Nulla
180 3076 264 3144 igitur
274 3091 351 3129 mora
367 3091 417 3143 per
428 3075 454 3128 N
455 3075 555 3143 orium,
566 3093 643 3130 mora
655 3077 731 3129 nulla
744 3095 794 3144 per
807 3078 942 3130 Quem

82 3151 240 3218 Pacuvium,
262 3152 329 3221 quin
347 3151 421 3208 illud
443 3151 514 3209 ebur
534 3152 657 3207 dueatur
676 3150 721 3203 ab
735 3165 806 3201 aras

74 3222 114 3277 ar
132 3225 218 3282 adar
233 3232 303 3285 ante
323 3228 417 3287 lares
436 3228 567 3288 murrae
583 3224 720 3289 neuma
735 3220 805 3273 *aba
