2040 3510
416 189 548 236 SATIRA
564 188 599 240 V.
901 189 932 236 25

84 279 171 333 Nemo
189 279 259 348 petit
277 278 390 332 modicis
408 294 479 346 quae
498 276 680 332 mittebantur
700 277 794 331 amieis

85 358 110 410 A
130 357 238 425 Seneca,
256 373 327 425 quae
345 355 409 408 Piso
426 356 519 418 bonus
537 372 607 424 quae
626 355 708 408 Cotta
722 353 827 407 solebat

84 433 203 501 Largiri:
225 449 344 499 namque
363 436 392 485 et
409 432 496 485 titulis
513 435 543 484 et
560 431 677 485 fascibus
692 429 756 483 olim
896 443 932 481 11o

84 509 174 578 Major
191 509 345 574 habebatur
363 508 482 562 donandi
499 508 600 575 gloria:
625 508 712 560 solum

85 587 223 640 Posuimus
241 590 272 639 ut
290 603 388 640 coenes
405 585 526 638 civiliter.
565 586 626 639 Hoc
644 585 703 638 face
721 588 750 638 et
768 586 835 648 estc,

83 663 157 729 Esto,
176 667 207 716 ut
225 680 296 716 nunc
315 663 402 725 multi,
421 662 497 714 dives
515 662 566 714 tibi
585 678 690 731 pauper
707 661 808 715 amicis.

118 741 231 793 Anseris
250 744 312 793 ante
330 739 419 809 ipsum
437 739 527 806 magni
541 738 628 806 jecur,
647 737 788 791 anseribus
810 753 861 806 par

83 815 176 869 Altilis
194 821 222 870 et
239 817 302 869 llari
320 817 419 884 dignus
437 817 509 868 ferro
528 815 659 883 Meleagri
894 827 929 866 115

83 891 183 945 Fumat
201 909 276 962 aper:
302 892 453 961 posthunc
471 892 616 945 tradentur
634 891 739 959 tubera,
757 891 780 944 si
798 907 846 944 ver

83 965 157 1021 Tunc
174 969 226 1022 erit
245 974 275 1023 et
292 970 392 1022 facient
410 972 504 1037 optata
522 969 643 1022 tonitrua
661 984 758 1022 coenas

83 1042 212 1112 Maj0res.
248 1046 328 1100 “'l'ibi
345 1045 417 1100 habe
434 1045 625 1114 frumentum,’'
646 1044 764 1098 Allidius
782 1045 881 1112 inquit,

82 1117 125 1172 “0
144 1121 243 1191 Libye;
262 1122 388 1191 disjunge
405 1122 488 1175 boves
506 1123 572 1176 dum
590 1122 689 1176 tubera
705 1120 823 1175 mittas.”

82 1194 248 1252 Structorem
266 1199 378 1267 interea,
396 1216 432 1252 ne
449 1215 503 1268 qua
521 1199 672 1266 indignatio
691 1198 772 1265 desit,
892 1211 929 1251 iao

81 1269 231 1328 Saltantem
249 1279 357 1343 spectas
374 1279 403 1328 et
421 1275 625 1328 chironomunta
643 1273 743 1328 volanti

80 1346 205 1418 Cultellq
224 1351 311 1404 donec
329 1352 444 1419 peragat
462 1351 566 1404 dictata
583 1350 708 1418 magistri

80 1421 184 1478 Omnia.
219 1427 278 1480 Nec
296 1427 408 1480 minimo
426 1443 491 1479 sane
509 1426 665 1479 discrimine
683 1425 777 1493 refert,

80 1499 139 1564 Quo
156 1505 237 1568 gestu
254 1502 363 1572 lepores
381 1506 480 1568 etque
498 1502 599 1569 gallina
617 1505 731 1555 secetur.

79 1575 195 1630 Duceris
213 1578 315 1648 planta,
334 1578 410 1631 velut
427 1578 499 1630 ictus
515 1577 550 1630 ab
570 1577 690 1630 Hercule
708 1577 802 1645 cacus,
891 1590 927 1630 125

80 1651 117 1705 Et
134 1669 236 1720 ponere
254 1654 328 1721 foris,
346 1653 370 1706 si
388 1653 455 1722 quid
473 1654 622 1707 tentareris
640 1669 760 1721 unquam

80 1728 201 1797 Hiscere,
219 1732 351 1798 tanquam
370 1729 473 1782 habeas
497 1729 551 1782 tria
574 1729 689 1782 nomina
726 1727 841 1792 Quando
864 1745 927 1797 pro

79 1808 229 1935 Virrgntlibti
248 1882 385 1950 sumitque
403 1882 459 1937 tuis
476 1884 602 1936 contacta
619 1881 725 1935 labellis

79 1955 200 2012 Poculal
219 1958 280 2027 quis
299 1963 420 2012 vestrum
438 1958 601 2012 temerarius
620 1959 802 2026 usqueadeo,
820 1958 882 2025 quis

80 2031 217 2100 Perditus‚
231 2037 264 2087 ut
281 2034 356 2088 dicat
373 2036 439 2103 regi,
458 2034 539 2088 bibel
575 2034 696 2088 Plurima
713 2038 778 2088 sunt
795 2050 867 2104 qnae
890 2047 926 2089 rso

77 2108 104 2162 N
106 2125 141 2162 on
159 2109 262 2164 audent
280 2109 404 2164 homines
421 2114 534 2179 pertusa
552 2110 643 2164 dicere
661 2110 746 2164 laena.

78 2185 285 2253 Quadringenta
301 2186 353 2239 tibi
371 2187 393 2240 si
411 2187 474 2256 quis
492 2186 560 2240 deus
579 2191 627 2241 aut
646 2187 741 2240 similis
759 2186 803 2240 dis

78 2261 114 2315 ut
132 2261 227 2315 melior
244 2262 307 2315 fatis
325 2262 440 2316 donaret
457 2263 616 2328 homuncio;
636 2266 752 2332 quantus

77 2336 120 2389 ux
137 2337 221 2390 nihilo
238 2337 326 2405 fieres,
345 2342 462 2405 quantus
481 2338 607 2392 Virronis
624 2339 738 2392 amicus!

77 2413 144 2465 “Da
161 2412 273 2466 Trebio!
297 2430 366 2482 pone
384 2414 420 2467 ad
438 2415 577 2468 Trebium!
623 2415 681 2481 Vis,
699 2415 793 2484 frater,
810 2416 846 2469 ab
863 2415 925 2469 istis

77 2487 198 2544 Ilibusl”
224 2489 247 2543 Ο
267 2491 376 2557 nummi,
395 2491 471 2544 vobis
488 2491 560 2545 hunc
577 2495 701 2560 praestat
724 2492 862 2558 honorem,
887 2507 924 2546 iao

76 2564 133 2618 Vos
152 2566 218 2620 estis
235 2566 340 2620 fratres.
378 2567 510 2620 Dominus
527 2571 618 2621 tamen
637 2570 667 2620 et
684 2568 788 2621 domini
799 2584 849 2621 rex

77 2641 106 2696 Si
124 2642 164 2694 vis
181 2647 211 2697 tu
232 2642 300 2710 lieri,
319 2642 408 2695 nullus
426 2642 477 2695 tibi
494 2642 623 2711 pannulus
641 2644 703 2698 aula

76 2717 187 2772 Luserit
206 2719 322 2786 Aeneas,
340 2735 391 2772 nec
409 2719 465 2771 filia
483 2719 587 2772 dulcior
604 2719 665 2774 illo:

76 2794 234 2847 Jucundum
251 2798 281 2848 et
298 2810 391 2848 carum
409 2795 509 2848 sterilis
526 2795 592 2848 facit
608 2811 679 2849 uxor
692 2796 817 2850 amicum.
886 2810 923 2850 140

76 2869 131 2924 Sed
149 2875 198 2923 tua
215 2887 286 2923 nunc
303 2870 405 2938 Migale
423 2870 513 2939 pariat
530 2870 595 2924 licet
612 2875 642 2925 et
659 2888 758 2940 pueros
775 2875 834 2926 tres

76 2945 110 2998 In
129 2947 262 3014 gremium
282 2947 368 3014 patris
386 2946 484 3000 fundat
505 2947 592 3015 simul,
611 2948 669 3016 ipse
686 2947 792 3016 loquaci

76 3021 215 3076 Gaudebit
232 3023 311 3087 nido;
331 3023 446 3076 viridem
467 3023 577 3077 thuraea
591 3023 702 3092 jubebit

78 3097 179 3151 Afferri
197 3099 377 3168 minimaeque
396 3115 478 3153 nuces
499 3115 642 3168 assemque
661 3103 794 3168 rogatum,

77 3173 124 3226 Ad
145 3190 266 3228 mensam
285 3174 393 3243 quoties
414 3175 551 3243 parasitus
569 3176 680 3229 uenerit
696 3176 805 3227 inians
892 3185 940 3216 ns

75 3249 182 3303 Vilibus
204 3249 339 3321 ancipites
355 3250 436 3323 fungi
456 3254 600 3322 ponentur
625 3249 740 3310 aminis,
