2040 3510
425 174 556 224 SATIRA
572 173 608 224 X.
678 216 684 231 ,
914 185 942 232 61

97 265 188 319 Pauca
205 265 270 318 licet
287 265 381 331 portes
399 262 506 330 argenti
523 261 633 316 vascula
649 262 717 330 puri,

95 341 184 395 Nocte
201 340 256 394 iter
271 340 417 406 ingressus,
436 337 555 406 gladium
572 343 737 407 contumque
754 338 863 394 timebis
920 358 945 396 ao

95 417 132 470 Iit
149 420 240 470 motae
258 416 294 469 ad
312 416 405 467 lunam
423 412 574 482 trepidabis
592 414 731 468 arundinis
749 415 890 471 umbram:
936 460 939 465 .

95 491 225 546 Cantabit
242 507 342 549 vacuus
360 505 450 543 coram
468 490 574 544 latrone
591 491 688 545 viator.

95 569 187 622 Prima
205 568 262 620 fere
280 573 346 620 vota
363 569 392 619 ct
410 566 515 619 cunctis
534 567 675 621 notissima
693 567 804 637 templis

95 644 221 710 Divitiae,
242 646 367 697 crescant
385 646 418 695 ut
436 658 508 712 opes,
525 646 558 696 ut
575 644 695 698 niaxima
712 649 772 698 toto

95 720 196 774 Nostra
214 721 250 773 sit
269 735 331 772 arca
348 718 412 772 foro.
451 719 507 772 Sed
524 718 599 772 nulla
616 721 724 774 aconita
742 721 875 776 bibuntur
917 738 942 776 aa

95 796 254 850 Fictilibus:
272 799 338 849 tunc
355 795 402 849 illa
419 796 494 863 time,
512 811 597 862 quum
615 796 712 864 pocula
730 815 820 852 sumes

95 872 239 926 Gemmata
257 875 286 925 et
303 872 360 925 lato
379 872 503 925 Setinum
522 871 632 924 ardebit
649 873 676 924 in
695 889 768 928 auro.

128 949 147 1001 J
149 966 228 1002 amne
244 949 328 1016 igitur
345 948 448 1014 laudas,
461 948 536 1016 quod
555 947 590 1001 de
608 949 777 1016 sapientibus
795 949 866 1004 alter

95 1024 216 1078 Ridebat
234 1025 340 1093 quoties
358 1023 394 1077 de
411 1023 503 1077 limine
521 1028 645 1077 moverat
661 1039 745 1076 unum

32 1144 41 1155 .
94 1101 305 1170 Protuleratque
323 1100 430 1170 pedem,
443 1100 528 1154 flebat
545 1100 697 1153 contrarius
715 1101 804 1156 alteri
916 1116 940 1156 ³⁰

95 1177 151 1231 Sed
167 1178 252 1231 facilis
271 1179 355 1231 cuivis
373 1177 457 1246 rigidi
474 1193 587 1230 censura
604 1176 745 1242 cachinni,

93 1253 250 1307 Mirandum
269 1258 312 1307 est
330 1252 404 1307 unde
422 1253 469 1306 ille
491 1253 574 1306 oculis
596 1252 735 1306 suffecerit
756 1254 858 1309 humor.

93 1329 231 1399 Perpetuo
249 1331 306 1384 risu
324 1329 479 1399 pulmonem
498 1329 604 1397 agitare
621 1328 726 1383 solebat

92 1405 272 1468 Democritus,
285 1421 440 1476 quanquam
458 1422 511 1458 non
530 1408 622 1459 essent
639 1405 753 1459 urbibus
771 1407 824 1461 illis

92 1482 243 1536 Praetexta
261 1486 290 1536 et
307 1481 428 1550 trabeae,
440 1483 535 1549 fasces,
547 1481 652 1548 lectica,
664 1482 790 1536 tribunal
915 1499 939 1538 ss

92 1558 165 1623 Quid
183 1560 205 1612 si
223 1560 335 1612 vidisset
353 1559 513 1612 Praetorem
531 1557 655 1610 curribus
673 1558 735 1611 altis

92 1635 262 1701 Exstantcm
276 1639 305 1689 et
322 1635 414 1688 medio
431 1635 576 1688 sublimem
594 1633 622 1686 in
641 1634 753 1702 pulvere
771 1635 850 1702 Circi,

93 1711 126 1766 Iu
144 1713 236 1765 tunica
253 1712 338 1778 lovis,
348 1716 378 1765 et
396 1712 487 1780 pictae
506 1709 624 1764 Sarrana
642 1710 776 1764 ferentem

91 1787 135 1840 Ex
152 1787 271 1841 humeris
289 1788 385 1841 aulaea
403 1793 492 1856 togae,
505 1802 673 1854 magnaeque
691 1803 806 1841 coronae

91 1863 208 1917 'lantum
226 1865 319 1918 orbem
339 1870 441 1932 quanto
460 1864 552 1918 cervix
571 1879 624 1915 non
641 1863 741 1917 sufficit
758 1863 833 1920 ullal
914 1882 939 1921 so

91 1939 197 2009 Quippe
215 1945 293 1995 tenet
310 1941 409 1995 sudans
427 1941 497 1994 hanc
515 1940 640 2010 publicus
657 1943 687 1994 et
704 1940 755 1994 sibi
774 1941 873 1995 Consul

90 2018 134 2073 Ne
150 2017 257 2086 placeat
269 2035 350 2071 curru
367 2035 461 2072 servus
479 2021 606 2087 portatur
625 2017 731 2072 eodem.

90 2092 134 2147 Da
150 2110 221 2147 nunc
239 2098 269 2148 et
286 2094 422 2148 volucrem
441 2102 549 2162 sceptro
568 2111 638 2163 quae
657 2096 745 2162 surgit
762 2095 874 2161 eburno,

90 2169 168 2224 Illinc
185 2170 340 2238 cornicines,
354 2170 417 2225 hinc
435 2170 630 2241 praecedentia
647 2171 719 2239 longi

90 2247 216 2314 Agrninis
234 2247 328 2315 officia,
346 2251 376 2301 et
393 2248 485 2302 niveos
504 2248 539 2300 ad
557 2247 653 2301 fraena
671 2246 792 2311 Quirites
913 2263 937 2301 45

89 2321 204 2377 Deiossa
221 2323 249 2376 in
268 2324 362 2379 loculis
382 2340 450 2393 quos
469 2323 592 2393 sportula
610 2324 676 2377 fecit
692 2325 800 2378 amicos.

88 2399 157 2452 'l'um
176 2415 283 2467 quoque
302 2401 446 2455 materiam
464 2401 534 2453 risus
552 2399 657 2454 invenit
675 2400 711 2453 ad
729 2416 821 2454 omnes

88 2476 223 2529 Occursus
240 2475 387 2544 hominum,
400 2475 478 2545 cujus
491 2475 639 2545 prudentia
657 2479 793 2528 monstrat

87 2551 213 2606 Summos
231 2568 310 2620 posse
329 2553 401 2607 viros
419 2555 449 2606 et
466 2566 565 2620 magna
582 2550 708 2620 exempla
727 2550 839 2605 daturos

87 2628 239 2682 Vervecum
257 2627 285 2680 in
302 2629 393 2697 patria
411 2643 558 2696 crassoque
577 2626 627 2680 sub
645 2644 709 2681 aero
726 2629 806 2681 nasci.
912 2644 936 2680 so

87 2703 209 2757 Ridebat
227 2719 305 2758 curas
323 2721 373 2759 nec
390 2720 443 2758 non
462 2708 491 2758 et
508 2702 610 2771 gaudia
627 2703 708 2772 vulgi,

87 2779 232 2833 Interdum
251 2784 281 2834 et
298 2780 431 2849 lacrimas,
444 2797 527 2850 quum
541 2779 679 2833 Fortunae
696 2779 756 2848 ipse
773 2781 870 2834 minaci

86 2855 232 2910 Mandaret
249 2857 377 2925 laqueum
396 2857 571 2924 mediumque
589 2856 747 2909 ostenderet
765 2873 892 2923 unguem.

86 2932 160 3001 Ergo
178 2950 346 3004 supervacua
363 2938 412 2988 aut
429 2933 581 3003 perniciosa
599 2937 739 3002 petuntur,

87 3007 205 3079 Propter
222 3026 293 3080 quae
310 3011 351 3064 fas
369 3014 412 3064 est
428 3025 518 3078 genua
534 3007 657 3063 incerare
676 3008 796 3064 deorum.
910 3026 934 3064 ss

85 3084 223 3149 Quosdam
240 3086 405 3157 praecipitat
422 3084 551 3155 subiecta
563 3087 697 3157 potentia
707 3099 832 3148 magnae

79 3160 223 3229 Inridias;
240 3161 346 3236 mergit
362 3164 451 3238 longa
468 3167 559 3236 atoue
572 3158 860 3230 indignanationem

71 3236 197 3307 Palil'flsst
217 3241 405 3305 descendunt
422 3246 546 3302 statum
560 3243 737 3300 restemmi
753 3219 937 3286 mmmm*
