2040 3510
109 159 138 205 18
342 154 373 201 D.
392 152 496 203 JUNII
513 153 721 203 JUVENALIS

108 247 181 306 Nam
199 247 266 300 mihi
286 249 421 300 commota
434 243 494 312 jam
514 243 619 298 dudum
637 244 720 299 mulio
739 245 816 314 virga

108 324 208 378 innuit.
247 323 319 390 Ergo
340 322 398 375 vale
417 322 502 375 nostri
523 337 634 389 memor,
656 325 685 375 et
704 323 811 391 quoties
829 327 859 378 te

108 401 195 454 Roma
213 407 260 454 tuo
279 401 353 453 refici
371 403 564 469 properantem
585 398 685 453 reddet
707 399 826 468 Aquino,

107 477 153 531 Me
175 494 282 546 quoque
301 476 337 530 ad
351 476 496 530 Helvinam
514 475 640 530 Cererem
652 479 824 543 vestramque
836 475 951 529 Dianam

106 553 239 607 Converte
259 569 275 606 a
296 552 395 607 Cumis.
426 551 577 605 Satirarum
596 567 654 618 ego,
674 550 703 603 ni
714 552 802 620 pudet
821 550 888 618 illas,
916 566 951 604 321

106 629 229 697 Adjutor
248 628 354 696 gelidos
372 628 479 682 veniam
498 627 630 695 caligatus
649 628 678 680 in
696 643 780 696 agros.

391 817 659 825 ——-——.--

418 959 560 1016 SATlRA
585 960 634 1015 IV.

103 1084 175 1137 licon
195 1081 295 1135 iterum
316 1078 465 1151 Crispinus,
485 1085 514 1136 et
532 1085 576 1135 est
595 1080 662 1134 mihi
681 1096 763 1150 saepe
786 1078 922 1134 vocandus

103 1158 151 1212 Ad
171 1160 270 1227 partos,
288 1161 439 1210 monstrum
457 1157 531 1210 nulla
548 1156 652 1210 virtute
670 1157 844 1225 redemptum

103 1236 130 1290 A
149 1233 230 1300 vitiis,
251 1250 333 1301 aeger
351 1232 461 1302 solaque
480 1232 592 1286 libidine
612 1233 705 1286 fortis:

71 1370 79 1387 -.
102 1311 219 1364 Delicias
241 1309 339 1362 viduae
361 1312 469 1362 tantum
489 1313 650 1377 aspernatur
668 1309 782 1363 adulter.

103 1386 175 1451 Quid
195 1386 280 1439 refert
298 1384 383 1452 igitur
400 1384 509 1452 quantis
523 1383 650 1451 jumenta
665 1384 764 1453 fatiget
936 1399 948 1436 5

102 1460 261 1527 Porticibus,
281 1463 384 1529 quanta
409 1476 548 1512 nemorum
568 1463 694 1514 vectetur
712 1461 740 1514 in
765 1460 870 1524 umbra,

101 1538 204 1606 Jugcra
224 1539 290 1604 quot
309 1535 397 1590 vicina
416 1535 482 1603 foro,
503 1552 571 1604 quas
591 1535 688 1589 emerit
706 1536 808 1590 aedesl

101 1613 188 1666 Nemo
207 1612 293 1665 malus
311 1611 384 1677 felix,
404 1610 515 1665 minime
533 1615 676 1681 corruptor
695 1616 724 1666 et
743 1612 816 1666 idem

101 1689 234 1755 Incestus,
254 1705 316 1742 cum
335 1704 389 1756 quo
409 1704 495 1757 nuper
513 1687 613 1741 vittata
630 1687 741 1756 jacebat

101 1765 236 1834 Sanguine
257 1765 345 1819 adhuc
364 1765 424 1819 vivo
447 1768 550 1818 terram
573 1763 699 1819 subitura
721 1765 853 1820 sacerdos.
924 1776 946 1817 10

100 1841 156 1896 Sed
174 1858 246 1895 nune
265 1841 300 1894 de
324 1842 403 1895 lactis
423 1840 584 1894 levioribus:
610 1844 639 1894 et
661 1845 753 1896 tamen
775 1841 845 1895 alter

100 1917 129 1972 Si
149 1918 258 1972 fecisset
277 1917 351 1970 idem
373 1917 484 1970 caderet
502 1915 663 1984 subjudice
684 1934 796 1970 morum.

99 1995 171 2048 Nam
191 1994 264 2063 quod
283 1996 363 2061 turpe
384 1992 461 2045 bonis
483 1993 554 2046 'litio
566 1993 681 2061 Seioque
706 1992 821 2047 decebat

99 2070 259 2140 Crispinum
295 2067 368 2133 Quid
386 2085 451 2134 agas
471 2084 553 2135 quum
573 2067 633 2121 dira
654 2071 683 2122 et
702 2069 807 2125 foedior
824 2077 896 2127 omni

98 2146 217 2202 Crimine
237 2144 422 2214 personaestl
457 2144 572 2197 Mullum
593 2159 642 2197 sex
661 2143 779 2199 millibus
799 2150 874 2214 emit,
922 2167 945 2202 15

99 2225 273 2291 Aequantem
293 2237 358 2274 sane
376 2219 488 2289 paribus
508 2219 636 2274 sestertia
656 2219 741 2287 libris,

98 2300 139 2354 Ut
159 2297 303 2368 perhibent
325 2296 371 2365 qui
390 2294 426 2349 de
443 2296 549 2364 magnis
568 2295 672 2364 majora
691 2296 845 2365 loquuntur.

99 2375 246 2431 Consilium
266 2372 347 2426 laudo
367 2371 489 2439 artificis,
509 2371 532 2426 si
552 2389 665 2426 munere
685 2377 763 2428 tanto

99 2451 276 2520 Praecipuam
296 2449 324 2501 in
344 2448 444 2503 tabulis
463 2465 553 2502 ceram
574 2449 646 2502 senis
665 2447 778 2507 abstulit
797 2454 863 2508 orbi.

98 2529 148 2582 Est
168 2528 238 2580 ratio
259 2524 371 2578 ulterior
389 2540 504 2590 magnae
522 2524 545 2577 si
566 2523 641 2578 misit
661 2525 771 2595 amicae,
907 2548 945 2586 ¹20

99 2605 173 2669 Quae
192 2601 301 2656 vehitur
321 2601 412 2654 clauso
432 2599 496 2654 latis
517 2599 701 2668 specularibus
720 2607 805 2659 antro.

98 2680 143 2734 Nil
160 2679 216 2734 tale
234 2680 388 2746 exspectes:
413 2677 481 2730 emit
502 2677 562 2730 sibi.
597 2677 687 2730 Multa
704 2679 828 2735 videmus

98 2758 174 2822 Quae
192 2755 273 2808 miser
291 2758 320 2808 et
337 2752 409 2820 frugi
427 2768 480 2806 non
498 2753 562 2807 lecit
580 2753 701 2822 Apicius.
738 2756 848 2811 Hoetu

97 2833 256 2886 Succinctus
273 2829 363 2899 patria
382 2829 527 2898 quondam,
547 2830 677 2898 Crispina
695 2848 803 2901 papyro

98 2909 159 2962 Hoc
177 2907 296 2977 pretium
315 2910 454 2973 squamae!
491 2905 586 2960 Potuit
604 2906 719 2960 fortasse
741 2909 852 2966 minoris
921 2931 946 2968 as

98 2984 221 3037 Piscator
237 2998 319 3050 quam
336 2982 420 3050 piscis
437 2982 499 3036 emi.
535 2982 677 3036 Provincia
699 2985 770 3039 tanti

96 3060 201 3110 Vendit
217 3076 309 3124 agros:
333 3057 383 3112 sed
400 3059 518 3126 majores
539 3059 642 3128 Apulia
666 3060 769 3115 vendit.

75 3128 181 3182 Quales
201 3136 272 3184 tunc
290 3134 389 3201 epulas
408 3136 502 3205 ipsum
520 3136 639 3206 glutisse
657 3141 786 3207 putamus
874 3165 876 3169 ⁷

61 3189 312 3273 &deramatam
333 3224 424 3276 quum
445 3217 494 3272 tot
513 3215 661 3286 sestertia,
679 3220 795 3287 partem
