2040 3510
418 189 552 238 SATIRA
570 189 620 239 IX.
913 194 944 244 57

91 281 147 336 Sed
163 280 311 335 fruticante
328 279 384 348 pilo
401 278 528 346 neglecta
545 283 575 332 et
591 279 717 348 squalida
734 297 820 336 crura
920 294 944 334 ιι

92 357 164 421 Quid
182 356 281 409 macies
298 355 374 422 aegri
391 355 499 423 veteris,
517 372 597 423 quem
615 361 739 425 tempore
756 356 836 424 longo

91 433 187 486 Torret
206 435 305 500 quarta
323 431 382 484 dics
399 432 519 498 olimque
536 431 686 485 domestica
703 432 805 488 febrisl

91 509 253 578 Deprendas
270 508 352 561 aninri
371 511 509 561 tormenta
525 507 636 562 latentis
653 508 682 561 in
699 524 783 575 aegro

91 585 219 654 Corpore,
237 584 392 653 deprendas
410 586 439 637 et
458 584 572 651 gaudiam
594 584 677 637 sumit
695 588 842 653 utrumque

91 661 161 716 inde
179 660 302 714 habitum
319 660 409 714 facies.
449 660 537 726 Igitur
554 660 662 714 flexisse
679 661 781 715 videris
917 677 950 717 ao.

91 737 263 806 Propositum
281 740 311 790 et
328 737 401 790 vitae
418 737 571 790 contrarius
587 738 628 790 iro
644 737 737 805 priori.

89 814 185 881 Nuper
202 813 282 879 enirn,
299 815 331 865 ut
348 815 452 881 repeto,
469 812 562 866 fanum
580 812 663 866 isidis
681 816 710 866 et
728 813 911 881 Ganymeden,

89 889 177 954 Pacis,
193 894 222 944 et
239 889 372 943 adrectae
389 893 494 942 secreta
510 889 613 957 palatia
631 888 737 956 Matris,

89 966 125 1020 Et
144 966 273 1020 Cererem
291 966 365 1033 (nam
384 981 437 1033 quo
455 980 509 1017 non
526 968 634 1033 prostat
651 963 752 1024 femina
769 964 899 1033 templol)

88 1042 187 1096 Notior
205 1041 316 1094 Aufidio
334 1041 462 1094 moechus
480 1039 619 1095 celebrare
636 1039 748 1105 solebas,
918 1055 942 1095 25

90 1119 224 1187 Quodque
242 1121 326 1184 taces,
344 1119 417 1186 ipsos
435 1117 519 1171 etiam
535 1117 666 1171 inclinare
683 1117 800 1170 maritos.

126 1195 200 1249 Utile
217 1198 246 1249 et
263 1196 314 1248 hoc
332 1193 425 1248 multis
441 1193 514 1246 vitae
530 1209 630 1260 genum
654 1199 684 1248 at
702 1193 768 1247 mihi
785 1193 888 1247 nullum

89 1269 160 1324 Inde
177 1288 276 1340 operae
294 1271 420 1340 pretium.
456 1269 575 1336 Pingues
590 1269 735 1338 aliqnando
752 1269 882 1335 lacernas,

88 1347 261 1401 Munirnenta
278 1352 366 1415 togae,
386 1345 449 1400 duri
467 1345 606 1412 crassique
624 1345 729 1413 coloris,

88 1423 125 1477 nt
142 1423 212 1476 nrale
229 1439 373 1493 percussas
390 1421 508 1478 textoris
525 1421 635 1489 pectine
653 1421 724 1476 Galli
917 1438 942 1476 so

89 1500 253 1568 Accipimus,
273 1503 356 1554 tenue
374 1503 518 1567 argentum
537 1514 677 1566 venaeque
695 1499 835 1554 secundae

88 1576 159 1630 Fata
130 1580 276 1665 tregnnt
294 1576 431 1639 homines;
454 1576 494 1628 fat
482 1578 541 1628 turn
559 1578 636 1628 este
620 1574 791 1643 etpartibns
807 1575 861 1630 illis

88 1654 162 1719 Quas
181 1655 255 1707 sinus
274 1653 422 1707 abscondit
460 1653 485 1706 N
488 1670 532 1706 am
550 1652 573 1705 si
591 1652 643 1707 tibi
661 1653 751 1706 sidera
769 1657 883 1721 cessant,

88 1731 135 1783 Nil
152 1731 235 1785 faciet
252 1731 325 1798 longi
343 1746 470 1783 mensura
488 1730 626 1796 incognita
643 1730 727 1797 nervi,

89 1807 218 1872 Quamvis
236 1810 265 1860 te
282 1805 386 1859 nudum
405 1806 542 1874 spumanti
561 1805 642 1858 Virro
660 1804 758 1860 labello
915 1821 940 1860 es

88 1883 199 1937 Viderit
216 1888 246 1938 et
264 1883 380 1936 blandae
398 1882 506 1936 assidue
523 1881 678 1950 densaeque
696 1881 814 1936 tabellae

88 1958 257 2024 Sollicitenb3
279 1959 355 2015 αὐτὸς
372 1959 422 2030 γὰρ
441 1959 588 2028 &ricimero
598 1956 676 2027 ἄνδρα
695 1959 810 2014 κίναιδος.

88 2036 168 2100 Quod
186 2039 280 2089 tamen
297 2035 412 2089 ulterius
430 2039 580 2089 monstrum
597 2050 680 2102 quam
696 2034 788 2088 mollis
804 2039 918 2090 avarusl

88 2111 186 2165 “llaec
203 2111 296 2177 tribui,
315 2111 416 2165 deinde
431 2110 479 2164 illa
497 2109 569 2177 dedi,
586 2127 649 2163 mox
667 2109 745 2178 plura
761 2111 881 2167 tulisti:’'

88 2187 236 2256 Computat
253 2204 285 2242 ac
302 2191 388 2242 cenet.
423 2188 565 2241 “Ponatur
582 2186 708 2254 calculus,
726 2186 818 2242 adsint
916 2204 940 2242 ro

88 2264 156 2318 (lum
175 2262 270 2318 tabula
287 2264 378 2332 pueri:
402 2280 528 2319 numera:
553 2263 681 2318 sestertia
698 2264 818 2332 quinque

87 2339 219 2394 Omnibus
237 2341 265 2394 in
283 2340 378 2394 rebus:
402 2343 580 2395 numerentur
598 2339 698 2393 deindo
715 2339 845 2394 labores.''

87 2419 133 2470 An
151 2417 229 2470 facile
247 2419 276 2470 et
293 2432 408 2485 pronum
427 2419 471 2470 est
487 2432 569 2482 agere
584 2415 657 2469 intra
675 2416 778 2471 viscera
796 2434 893 2486 penem

87 2493 262 2560 Legitimum,
280 2497 364 2561 atque
380 2492 436 2546 illic
452 2492 598 2547 hesternae
616 2508 758 2546 occurrere
776 2495 893 2549 coenaei

86 2572 187 2623 Servus
207 2569 261 2623 erit
278 2569 366 2622 minus
384 2569 428 2622 ille
446 2568 529 2622 miser
547 2568 594 2636 qni
612 2567 712 2623 foderit
730 2585 825 2636 amum
914 2585 938 2624 cs

87 2646 176 2711 Quam
194 2644 339 2699 dominum
377 2645 433 2700 Sed
450 2648 482 2698 tu
499 2661 564 2698 sane
582 2648 709 2699 tenerum
727 2649 756 2697 et
773 2662 888 2714 puerum
909 2648 938 2700 te

86 2722 123 2777 lit
138 2723 263 2792 pulcrum
282 2725 311 2776 et
328 2722 440 2789 dignum
458 2720 556 2788 cyatho
574 2720 704 2788 caeloque
722 2722 846 2789 putabas.

86 2798 145 2852 Vos
162 2797 257 2853 humili
275 2798 422 2864 asseculae,
439 2812 489 2850 vos
505 2796 684 2864 indulgebitis
702 2813 823 2864 unquam

87 2873 200 2942 cultori,
214 2873 274 2942 jam
291 2891 342 2928 nec
359 2872 453 2928 morbo
472 2873 575 2928 donare
592 2873 700 2940 parati?

87 2949 129 3003 En
146 2951 190 3004 cui
207 2953 239 3005 tu
256 2949 371 3004 viridem
390 2950 544 3016 umbellam,
563 2949 606 3002 cui
619 2950 728 3003 succina
745 2949 840 3003 mittas
912 2965 937 3005 so

87 3025 217 3094 Grandia,
232 3027 331 3083 natalis
349 3027 456 3098 quoties
473 2991 545 3079 redii
563 3028 613 3079 aut
629 3024 767 3079 madidum
786 3041 834 3078 ver

88 3102 189 3172 Incipit
205 3107 235 3159 ot
251 3107 342 3161 strata
356 3103 464 3175 positus
478 3103 622 3173 longaque
639 3099 780 3153 camoena

78 3177 199 3234 Munera
215 3181 347 3239 femineis
363 3186 478 3241 tractat
496 3184 615 3237 secreta
628 3172 797 3231 tuendis*

69 3251 132 3322 Dm,
150 3271 261 3330 passer,
280 3261 329 3319 cni
348 3268 395 3321 tot
418 3266 551 3331 montes,
568 3261 620 3313 mn
635 3246 769 3323 prnedxa
783 3243 895 3291 *W*
