2040 3510
229 158 231 162 v
320 202 323 208 ·
405 195 538 248 saurus
554 196 631 245 ΚΝ.
914 201 946 252 37

97 286 320 357 Quamprimum
338 285 468 354 praedam
486 290 569 356 rupto
586 288 744 355 gustaverat
760 303 818 343 ovo.
922 299 948 342 ee

131 363 302 418 Aedificator
318 365 380 416 erat
398 362 551 430 Oetrouius,
569 367 599 418 et
610 361 691 417 modo
709 379 791 419 curvo

96 438 189 494 Litore
208 439 328 507 tiaietae,
345 454 452 492 summa
469 455 541 493 nuno
558 438 667 493 Tiburis
684 455 755 506 aree,

95 515 120 567 N
123 531 176 569 uno
196 514 382 569 Praenestinis
398 514 428 568 in
444 514 589 582 montibus,
608 515 665 569 alta
681 514 798 584 parabat

41 610 43 615 ⁴
95 590 221 645 Culmiua
238 591 371 658 villarum,
390 591 503 646 Graecis
520 591 655 660 longeque
671 591 767 660 petitis

94 666 277 721 Marmoribus
287 667 398 722 vincens
411 668 547 722 Fortunae
558 671 642 736 atquo
654 667 782 723 Herculis
792 667 896 735 aedem,
921 683 944 723 oo

94 741 135 797 Ut
152 742 238 812 spado
255 743 382 797 vincebat
400 743 535 813 Capitolia
552 745 647 797 nostra
665 743 786 799 Posides.

95 816 168 871 Dum
186 818 225 872 sio
243 835 308 887 ergo
326 817 434 873 habitat
452 820 602 884 Oetronius,
618 818 758 873 imminuit
774 837 840 886 rem,

95 892 192 960 Fregit
208 911 280 963 opes,
299 911 350 948 neo
366 910 451 964 parva
468 898 560 950 tamen
578 911 707 949 mensura
723 895 835 950 relictae

95 967 185 1023 Partis
202 974 278 1035 erat;
296 974 383 1025 totam
401 970 470 1025 hano
487 971 610 1026 turbavit
626 970 698 1026 filius
715 986 816 1041 amens,

94 1043 166 1099 Dum
185 1046 298 1100 meliore
314 1063 397 1101 novas
415 1047 517 1102 attollit
535 1061 672 1102 marmore
688 1046 775 1101 villas.
920 1064 944 1104 os

129 1121 245 1186 Quidam
264 1122 355 1178 sortiti
372 1127 540 1178 metuentem
559 1123 675 1178 sabbata
692 1126 799 1192 petrem

93 1196 140 1251 Nil
157 1204 269 1268 praeter
285 1198 372 1255 nubes
389 1203 419 1255 et
436 1199 505 1254 oaeli
523 1216 624 1254 numen
641 1198 765 1267 adorant,

93 1273 119 1327 N
122 1290 152 1328 eo
171 1274 272 1329 distme
290 1279 390 1344 putant
407 1276 526 1331 humana
542 1291 624 1330 cerne
641 1275 754 1343 suillam,

93 1350 153 1415 Qua
168 1355 249 1420 pater
265 1351 415 1418 abstinuit3
432 1369 496 1407 mox
513 1355 543 1408 et
560 1350 704 1421 praeputia
720 1355 840 1420 ponunt:

92 1424 229 1482 Romanas
245 1431 338 1483 autom
356 1428 428 1481 soliti
446 1431 621 1484 contemnere
638 1426 713 1495 leges
907 1445 942 1485 1oo

91 1501 111 1556 J
113 1501 238 1560 udaiouru
256 1503 381 1558 ediscunt
398 1508 428 1559 et
445 1509 555 1559 servant
571 1520 604 1558 ac
620 1505 749 1557 metuunt
761 1501 817 1571 jus,

91 1577 216 1633 Tradidit
232 1594 331 1635 arcano
349 1579 530 1649 quodeunque
547 1579 683 1634 volumine
700 1578 805 1634 Moses:

91 1653 154 1708 Nou
171 1658 322 1711 monstrare
339 1656 397 1712 vias
414 1656 511 1710 eadem
529 1655 582 1709 nisi
599 1672 677 1710 saera
694 1655 802 1722 colenti,

91 1729 251 1795 Quaesitum
267 1731 304 1786 ed
321 1731 425 1786 fontem
443 1732 514 1786 solos
532 1731 670 1788 deducere
687 1747 793 1798 verpus.

90 1805 145 1862 sed
162 1807 288 1875 poterin
305 1823 393 1875 eausa,
411 1808 456 1863 oui
474 1808 592 1877 septima
610 1822 735 1876 quaeque
751 1807 805 1862 fuit
822 1808 870 1862 lux
905 1825 941 1864 105

90 1881 194 1951 Ignara
210 1886 240 1938 et
256 1886 363 1952 partem
382 1883 456 1938 vitae
473 1899 527 1940 non
544 1884 638 1952 attigit
655 1883 747 1937 ullam.

123 1958 227 2028 Sponte
244 1961 338 2016 tamea
350 1958 468 2028 juvenes
485 1959 629 2018 imitantur
646 1962 745 2027 cetera,
764 1959 849 2014 solam

88 2033 174 2091 Inviti
192 2051 301 2106 quoque
319 2035 463 2091 avaritiam
481 2053 610 2094 exercere
623 2035 763 2104 jubentur.

88 2110 171 2166 Fallit
187 2112 260 2167 euim
276 2113 373 2169 vitium
391 2113 482 2182 speeie
499 2113 611 2168 virtutis
628 2116 657 2166 et
674 2111 779 2180 umbra,

87 2188 176 2254 Quum
193 2189 231 2242 sit
247 2189 328 2245 triste
345 2189 442 2244 habitu
457 2190 590 2259 vultuque
607 2192 638 2243 et
654 2191 732 2242 veste
749 2204 880 2256 severum,
903 2202 939 2244 11⁰

86 2263 145 2319 Nee
163 2264 247 2319 dubie
263 2268 395 2334 tanquam
412 2266 485 2335 frugi
502 2266 632 2320 laudatur
649 2280 753 2331 suanus,

86 2340 224 2409 Tanquam
241 2357 339 2410 parcus
357 2340 438 2397 homo
455 2345 486 2397 et
502 2359 593 2396 rerum
611 2340 699 2396 tutela
716 2357 826 2394 suarum

86 2416 170 2472 Certa
188 2417 274 2483 magis
291 2433 372 2484 quam
391 2419 414 2472 si
431 2418 556 2472 fortunas
574 2420 665 2474 servet
682 2416 792 2470 easdem

86 2493 272 2563 Hesperidum
284 2511 396 2564 serpens
407 2499 456 2551 aut
468 2495 605 2552 Ponticus.
641 2493 724 2548 Adde
736 2493 811 2562 quod
821 2494 893 2548 huno
902 2493 937 2550 de

85 2571 146 2637 Quo
163 2571 260 2640 loquor
277 2571 416 2639 egregium
434 2572 550 2641 populus
567 2573 650 2640 putat
666 2569 826 2638 acquirendi
901 2585 937 2624 115

85 2647 242 2702 Artificem:
261 2647 364 2717 quippe
381 2647 424 2702 his
441 2651 567 2705 creseunt
584 2645 749 2716 patrimonia
766 2645 863 2700 fabris:

84 2723 141 2778 Sed
157 2727 284 2778 creseunt
302 2740 462 2794 quoeunque
479 2724 568 2790 modo,
586 2721 746 2791 majoraque
762 2721 834 2777 fiunt

85 2798 191 2854 Iuoude
208 2799 318 2853 assidua
335 2817 497 2870 semperque
515 2800 631 2854 ardente
650 2798 765 2853 camino.

84 2874 122 2929 Iit
139 2881 218 2944 pater
236 2891 301 2944 ergo
319 2875 403 2930 animi
421 2877 512 2935 felioes
530 2876 620 2930 eredit
638 2889 740 2942 avaros,

84 2951 137 3017 Qui
154 2952 271 3007 miratur
287 2967 362 3021 opes,
379 2953 426 3019 qui
444 2953 519 3010 nulla
535 2951 663 3021 exempla
679 2949 755 3005 beati
900 2967 937 3008 luo

83 3027 217 3096 Pauperis
234 3045 294 3083 0⁵⁸0
311 3033 406 3097 putut3
419 3029 535 3098 juvenes
552 3030 680 3083 hortatur
697 3030 730 3081 ut
746 3025 820 3080 illam

83 3104 131 3159 Ire
147 3104 219 3158 viam
236 3109 352 3175 pergunt
370 3109 399 3162 et
415 3107 509 3162 eidem
522 3105 689 3161 inoumnene
703 3105 814 3180 eseiae.
872 3163 879 3174 ι

78 3179 151 3234 ⁸³³⁶
168 3182 308 3250 twedam
325 3182 464 3240 uitiorum
480 3183 646 3244 sternentug
653 3176 710 3230 tius
721 3175 865 3238 pnsum
875 3160 952 3207 &aa

71 3255 183 3314 imbuit
200 3260 234 3316 et
251 3261 333 3333 eogu
348 3261 491 3320 minimas
508 3259 649 3318 edissere
666 3245 800 3305 sordes,
827 3284 835 3294 .
