2040 3510
407 160 541 208 SATIRA
559 160 593 209 X.
894 163 923 208 63

71 252 171 322 'Hujus
188 252 235 321 qui
252 250 371 307 trahitur
388 253 561 318 praetextam
579 265 686 304 sumere
704 251 795 316 mavis,

79 331 126 382 An
144 328 308 382 Fidenarum
327 326 530 392 Gabiorumque
548 342 607 379 esse
624 330 747 394 potestas
891 342 924 380 1oo

79 406 115 460 Et
131 404 166 458 de
185 421 311 458 mensura
325 402 372 470 jus
394 402 493 469 dicere,
509 418 573 456 vasa
591 403 696 456 minora

79 481 224 549 Frangere,
244 496 378 549 pannosus
396 479 488 532 vacuis
505 478 613 532 Aedilis
632 477 764 533 Ulubris?

78 557 150 624 Ergo
169 557 235 624 quid
253 556 404 624 optandum
421 555 500 622 foret,
519 557 657 623 ignorasse
673 556 767 609 fateris

79 631 223 700 Sejanum:
241 650 304 685 nam
322 633 368 700 qui
386 633 481 685 nimios
500 633 614 700 optabat
632 631 745 686 honores

79 708 116 764 st
133 709 228 762 nimias
246 708 376 777 poscebat
394 725 468 778 opes,
487 725 631 761 numerosa
647 709 763 777 parabat
891 725 927 762 111

80 784 210 838 Excelsae
228 785 311 838 turris
329 784 460 852 tabulata,
478 784 551 837 unde
570 783 650 837 altior
668 780 741 839 esset

79 860 163 914 (lasus
181 866 210 915 et
226 861 359 930 impulsae
377 877 507 928 praeceps
525 861 642 913 immane
659 861 760 915 urinae.

80 937 152 1002 Quid
173 937 290 1003 Crassos,
310 937 376 1003 quid
396 937 538 1004 Pompeios
556 937 663 1003 evertit,
681 937 803 990 stillum

80 1013 127 1067 Ad
144 1031 193 1068 sua
212 1014 257 1081 qui
276 1013 393 1066 domitos
411 1012 526 1066 deduxit
544 1012 629 1078 flagra
647 1013 787 1077 Quiritesl

78 1090 205 1144 Summus
223 1106 321 1158 nempe
339 1089 413 1142 loeus
431 1088 505 1141 nulla
522 1104 575 1140 non
593 1091 653 1141 arte
670 1089 781 1157 petitus,
892 1106 926 1142 uo

78 1167 233 1234 Magnaque
251 1165 406 1218 numinibus
424 1169 488 1218 vota
508 1164 638 1217 exaudita
655 1165 787 1232 malignis.

79 1242 127 1296 Ad
143 1257 274 1310 generum
293 1242 399 1294 Cereris
417 1241 475 1292 sine
494 1239 577 1293 coede
595 1244 624 1294 et
642 1240 753 1294 vulnere
770 1242 850 1310 pauci

78 1317 256 1374 Descendunt
274 1333 352 1385 reges
371 1321 400 1370 et
419 1317 490 1370 sicea
508 1321 597 1370 morte
615 1319 729 1384 tyranni.

112 1394 256 1463 Eloquium
274 1410 305 1448 ae
321 1394 423 1447 famam
440 1392 633 1446 Demosthenis
650 1398 698 1448 aut
716 1394 853 1448 Ciceronis

80 1471 180 1539 Incipit
197 1476 293 1539 optare
311 1473 341 1524 et
357 1469 424 1524 totis
443 1469 657 1536 Quinquatribus
674 1474 760 1538 optat,
892 1485 926 1523 115

81 1545 207 1613 Quisquis
225 1547 315 1600 adhue
332 1562 386 1600 uno
404 1549 513 1615 partam
530 1544 594 1598 colit
611 1562 672 1599 asse
690 1546 847 1613 Minervam,

81 1622 168 1687 Quem
186 1623 308 1690 sequitur
325 1626 416 1677 custos
434 1625 566 1690 angustae
583 1623 694 1675 vernula
711 1638 815 1690 capsae.

81 1698 194 1766 Eloquio
213 1698 262 1752 sed
279 1702 396 1767 uterque
414 1699 488 1767 perit
505 1703 613 1763 orator3
630 1703 778 1766 utrumque

81 1773 186 1842 Largus
203 1779 233 1828 et
250 1773 390 1828 exundans
407 1775 464 1828 leto
483 1770 561 1828 dedit
579 1775 679 1842 ingenii
697 1775 762 1829 fons.

82 1849 196 1918 Ingenio
213 1866 307 1903 munus
325 1854 413 1905 estet
429 1852 521 1904 cervix
539 1867 633 1915 caesa;
650 1866 700 1904 nec
717 1864 837 1919 unquam
894 1866 928 1904 111

81 1925 217 1994 Sanguine
235 1925 362 1979 cumidici
380 1926 545 1980 maduerunt
563 1931 651 1980 rostra
668 1926 764 1993 pusilli.

82 2001 128 2056 “0
146 2002 312 2056 fortunatam
334 2007 427 2057 natam
447 2019 491 2055 me
512 2002 627 2056 Consule
649 2003 763 2056 Romam
776 2002 799 2056 !’'

81 2079 186 2133 Antoni
203 2078 306 2146 gladios
324 2080 416 2147 potuit
433 2083 615 2145 contemnere,
634 2079 656 2133 si
674 2080 712 2133 sie

81 2154 179 2209 Omnia
196 2155 316 2208 dixisset.
353 2155 479 2209 Ridenda
497 2161 624 2224 poemata
642 2157 712 2210 malo

81 2232 168 2297 Quam
186 2235 215 2286 tc
232 2232 401 2300 conspicuae,
420 2232 512 2286 divina
529 2232 688 2302 Philippica,
706 2233 801 2299 famae,
895 2251 928 2288 125

80 2307 204 2362 Volveris
222 2325 238 2361 a
255 2309 345 2376 prima
362 2325 433 2376 quae
451 2309 581 2377 proxima.
619 2309 719 2363 Saevus
737 2313 767 2362 et
784 2310 859 2362 illurn

82 2383 179 2438 Exitus
197 2384 306 2453 eripuit,
326 2401 407 2453 quem
424 2385 595 2438 mirabantur
614 2384 740 2439 Athenae

81 2460 239 2514 Torrentem
258 2465 286 2515 et
304 2460 378 2530 pleni
397 2461 585 2515 moderantem
603 2461 697 2514 fraena
714 2461 824 2516 theatri.

81 2536 130 2590 Dis
148 2536 194 2590 ille
212 2536 334 2591 adversis
350 2537 460 2604 genitus
477 2538 589 2606 fatoque
606 2537 722 2605 sinistro,

81 2613 168 2678 Quem
189 2616 277 2682 pater,
299 2612 421 2666 ardentis
440 2630 545 2666 massae
562 2612 673 2680 fuligine
694 2613 791 2682 lippus,
895 2630 930 2668 rso

82 2690 108 2742 A
128 2687 245 2742 carbone
265 2691 293 2741 11
311 2688 458 2757 forcipibus
478 2689 638 2757 gladiosque
656 2694 771 2758 parante

82 2763 184 2818 Inoude
201 2769 231 2818 ct
248 2764 324 2817 luteo
346 2764 471 2817 Vulcano
489 2764 526 2818 ad
545 2765 656 2819 rhetora
675 2765 758 2819 misit.

116 2840 256 2893 Bellorum
275 2840 398 2907 exuviae,
417 2840 521 2894 truncis
538 2841 619 2894 affixa
638 2842 758 2910 tropaeis

81 2915 177 2970 Lorica
196 2920 226 2972 et
243 2917 330 2971 hacta
349 2916 384 2969 de
403 2916 508 2971 casside
525 2917 640 2971 buccula
657 2916 779 2986 pendens

82 2993 118 3046 Et
139 2996 246 3046 curtum
262 2994 370 3046 temone
385 2992 485 3059 jugum
504 2994 647 3060 victaeque
666 2993 785 3047 triremis
900 3010 933 3047 135

82 3068 215 3137 Aplustro
232 3072 262 3122 et
280 3084 385 3120 summo
402 3066 493 3123 tristis
510 3069 640 3139 captiuus
652 3068 688 3119 'm
700 3083 775 3119 arcu

77 3143 215 3198 Humanis
234 3143 343 3215 majora
360 3145 446 3202 bonis
465 3145 645 3202 creduntur.
662 3141 706 3193 au
713 3140 778 3190 *noc
790 3152 829 3186 se

69 3218 216 3278 Romanus
238 3223 406 3299 Graiusque
425 3243 464 3283 ae
478 3223 632 3282 barbarus
641 3212 846 3279 masmim
