2040 3510
64 192 110 238 120
219 192 252 237 A.
272 188 392 236 PERSII
409 189 538 236 FLAGOI
557 188 689 237 SATlRA
706 182 753 237 v1.

63 285 146 340 Nulla
162 291 257 341 manet
273 287 372 355 patrui,
391 285 493 339 sterilis
511 287 661 338 matertera
678 284 755 350 vixit,

63 363 159 431 Deque
176 364 237 417 avia
254 362 368 416 nihilum
387 365 519 430 superest,
536 360 637 414 aceede
655 359 773 414 Bovillas
887 377 912 414 es

63 439 223 508 Olivumque
241 440 276 493 ad
295 439 381 505 Virbi,
401 441 510 506 praesto
527 442 571 491 est
588 435 653 490 mihi
671 436 779 490 Manius
797 437 883 492 heres.

63 515 232 583 “Progenies
251 514 368 568 terrael’'
406 514 512 579 Quaere
531 530 566 566 ex
581 529 625 565 me
640 513 701 579 quis
715 512 782 565 mihi
797 517 911 581 quartus
953 525 955 529 ’

62 589 104 643 Sit
111 599 203 658 pater:
216 591 290 644 haud
296 593 432 659 prompte,
437 589 526 643 dicam
533 594 640 653 tamen3
652 588 911 654 addeetiamunum‚

62 664 154 719 Unum
173 667 264 734 etiam,
282 672 374 720 terrae
392 670 436 719 est
449 665 509 733 jam
527 666 611 720 filius:
632 669 661 718 et
678 664 746 718 mihi
763 666 819 718 ritu

62 742 169 796 Manius
187 743 230 797 hic
247 744 355 812 generis
372 759 458 813 prope
475 743 564 812 major
582 743 730 797 avunculus
748 743 817 797 exit.
889 757 912 794 ee

62 818 113 883 Qui
131 821 206 888 prier
224 836 261 887 es,
279 836 327 873 cur
344 837 389 873 me
406 820 435 873 in
453 820 571 873 decursu
589 819 718 887 lampada
736 819 844 889 pescisl

61 894 126 947 Sum
144 896 195 950 tibi
214 897 381 962 Mercurius;
405 897 483 950 venio
502 898 579 951 Deus
596 896 649 949 hue
667 913 725 964 ege,
744 900 774 949 ut
791 896 838 950 ille

63 971 201 1039 Pingitur:
219 990 254 1026 an
269 975 378 1028 renuis?
396 974 437 1026 vis
454 977 486 1027 tu
503 973 625 1042 gaudere
643 973 763 1027 relictisl
789 1014 791 1016 -

62 1047 147 1101 Deest
164 1050 268 1118 aliquid
286 1067 415 1118 summae,
428 1051 513 1105 minui
531 1049 610 1103 mihi:
628 1048 678 1102 sed
695 1050 745 1103 tibi
761 1053 850 1103 totum
869 1054 911 1104 est

62 1123 195 1192 Quicquid
202 1124 287 1180 idest
304 1125 360 1179 Ubi
368 1127 404 1179 sit
411 1126 474 1194 fuge
482 1126 694 1196 quaererequed
701 1126 766 1178 mihi
774 1126 910 1195 quondam

62 1201 178 1268 Legerat
200 1201 308 1270 Tadius,
325 1220 379 1256 neu
400 1204 475 1257 dicta
493 1221 595 1273 repone
614 1207 740 1272 paterna:
887 1218 911 1254 eo

61 1276 202 1331 ‘Peeneris
220 1279 334 1333 accedat
355 1295 473 1344 merces;
497 1279 559 1333 hine
578 1281 668 1334 exime
686 1280 807 1333 sumtus’

61 1351 153 1416 “Quid
165 1354 300 1423 reliquum
312 1359 356 1408 est
365 1355 390 1410 l”
422 1356 568 1424 Reliquum
579 1357 712 1421 l-Nunc,
724 1370 796 1408 nunc
808 1354 912 1424 impan-

129 1446 183 1482 srus
196 1447 275 1498 unge,

62 1505 147 1574 Uaga,
163 1523 238 1575 puer,
256 1508 353 1561 caules.
390 1508 459 1561 Mihi
477 1508 548 1562 festa
567 1507 627 1561 luee
648 1510 782 1576 nequatur

62 1581 156 1635 Urtiea
177 1587 206 1636 et
225 1583 290 1638 fissa
308 1584 444 1638 fumosum
467 1585 586 1652 sinciput
607 1601 680 1650 aure,
888 1600 912 1637 ro

61 1657 100 1710 Ut
120 1667 183 1711 tuus
203 1659 257 1713 iste
277 1676 361 1730 nepes
381 1661 446 1713 elim
467 1664 543 1714 satur
562 1661 665 1714 anseris
686 1660 766 1724 extis,

61 1735 129 1787 Cum
150 1751 257 1789 morosa
276 1753 345 1804 vage
364 1736 506 1805 singultiet
522 1737 633 1805 inguine
652 1753 729 1802 vena,

61 1810 196 1864 Patriciae
216 1811 339 1866 immeiat
357 1813 471 1867 malvael
496 1813 562 1865 mihi
584 1817 672 1866 trama
692 1813 795 1880 figurae

61 1884 101 1938 Sit
120 1887 232 1956 reliqua,
251 1892 294 1941 ast
314 1888 353 1941 illi
374 1892 475 1943 tremat
497 1893 605 1943 omento
627 1905 698 1958 popa
718 1891 829 1944 vecteri

97 1962 191 2016 Vende
203 1963 320 2018 animam
336 1966 418 2031 luere,
432 1982 553 2019 mereare
570 1970 652 2032 atque
664 1971 764 2020 excute
781 1965 875 2019 sollers
885 1973 909 2011 ⁷⁵

61 2037 149 2091 Omne
166 2038 238 2093 latus
258 2041 361 2107 mundi,
383 2059 417 2095 ne
436 2042 472 2095 sit
493 2041 676 2110 praestantior
696 2042 767 2097 alter

62 2114 236 2182 Cappadocas
254 2116 342 2183 rigida
362 2118 478 2185 pingues
497 2118 628 2186 plausisse
647 2120 767 2183 catasta3

62 2190 131 2245 Rem
150 2190 267 2259 duplica
305 2193 410 2258 “Feci3
428 2192 488 2261 jam
508 2193 617 2259 triplex,
632 2191 692 2260 jam
712 2194 778 2247 mihi
798 2199 903 2264 quarte,

61 2267 126 2320 Jam
146 2266 235 2321 decies
256 2268 329 2322 redit
347 2269 375 2322 in
396 2285 506 2337 rrrgam:
533 2269 659 2338 depunge
683 2270 730 2323 ubi
751 2270 855 2336 sistam,

63 2343 199 2409 inventus,
222 2343 379 2415 Chrysippo,
399 2345 440 2397 tui
458 2344 550 2398 finitor
569 2344 679 2398 acervi.’'
885 2359 911 2398 ae

61 2447 77 2477 P
151 2449 165 2482 *
239 2450 255 2480 il·
325 2447 342 2481 ’Κ
414 2445 432 2479 il·
503 2446 521 2479 ἦ
594 2447 610 2478 Ἃ·
682 2447 698 2479 *li

61 2521 700 2562 *santii-tt·

266 3213 476 3254 camenarum:
493 3218 567 3254 ruma
583 3217 738 3254 ammam
