2040 3510
108 157 153 204 108
370 155 401 204 Α.
420 154 541 204 PERSII
557 152 687 202 FLAOOI

107 244 216 299 Exemit
236 260 358 314 puerum,
377 243 549 310 frontemque
569 245 653 309 atque
671 243 727 297 uda
745 243 844 299 labella

107 320 204 373 Infami
222 320 308 388 digito
325 323 356 373 et
372 318 529 372 lustralibus
547 322 611 373 ante
630 319 720 372 salivis

106 397 213 464 llxpiat,
231 400 343 450 urentes
360 395 450 448 oculos
467 394 590 448 inhibere
608 396 704 464 perita.

106 472 181 526 Tunc
192 473 316 525 manibus
328 472 425 540 quatit,
438 475 467 526 et
478 488 554 541 spem
566 488 685 524 macram
697 472 819 541 supplice
830 475 895 525 voto
932 485 957 523 ³⁵

107 548 132 601 N
135 565 187 602 unc
205 548 291 602 Licini
309 549 336 601 in
356 564 473 618 campos,
492 565 563 602 nnnc
583 548 674 602 Crassi
691 549 778 602 mittit
794 549 823 601 in
841 548 929 602 aedes

108 625 203 679 ‘Hunc
221 629 317 694 optent
334 643 465 693 generum
483 643 531 680 rex
551 630 580 681 et
597 627 706 694 regina;
728 626 835 695 puellae

108 701 189 755 Hunc
207 702 331 771 rapiant;
355 702 486 771 quicquid
503 702 650 757 calcaverit
669 702 714 756 hic
733 718 794 756 rosa
812 703 886 756 fiatl’

108 781 162 831 Ast
179 795 230 846 ego
247 779 347 832 nutrici
365 795 419 831 nou
438 779 539 833 mando
558 783 637 845 vota;
661 782 769 847 negato,

108 853 224 923 Jupiter,
243 854 311 909 haec
322 854 370 923 illi,
389 857 512 923 quamvis
528 859 558 910 te
575 856 667 910 albata
684 857 795 923 rogarit.
935 871 960 909 ao

142 930 233 984 Poscis
250 947 330 1001 opem
348 933 438 985 nervis
456 949 608 1002 corpusque
626 932 708 986 fidele
725 936 857 987 senectae.

107 1006 174 1060 Esto
192 1023 257 1074 age:
282 1008 332 1061 sed
348 1009 467 1075 grandes
484 1010 594 1077 patinae
612 1013 760 1077 tucetaque
777 1025 868 1062 crassa

108 1083 238 1137 Annuere
255 1083 297 1137 his
315 1100 427 1153 superos
444 1088 556 1138 vetuere
574 1085 728 1152 lovemque
746 1091 892 1140 morantur.

143 1159 212 1213 Rem
231 1164 337 1214 struere
355 1164 469 1229 exoptas
487 1177 565 1214 caeso
584 1161 659 1226 bove,
679 1160 901 1228 Mercuriumque

109 1236 231 1290 Arcessis
248 1236 331 1289 fibra:
354 1237 406 1290 ‘da
424 1237 564 1290 fortunare
584 1236 710 1304 Penates,
935 1253 960 1292 ss

108 1312 151 1366 Da
167 1327 251 1381 pecus
269 1317 297 1367 et
314 1312 442 1381 gregibus
460 1312 576 1366 fetuml'
612 1313 679 1380 Quo,
698 1314 822 1381 pessime,
840 1316 930 1382 pacto,

108 1388 160 1442 Tot
177 1387 229 1442 tibi
247 1405 309 1442 cum
326 1389 355 1442 in
373 1389 495 1442 flammas
509 1388 632 1456 junicum
649 1395 759 1445 omenta
776 1390 942 1459 liquescenti

107 1465 145 1520 ut
162 1468 255 1519 tamen
272 1465 316 1519 hio
334 1466 405 1519 extis
423 1469 453 1519 et
471 1466 561 1535 opimo
578 1466 687 1519 vincere
704 1467 775 1520 ferto

109 1541 247 1596 Intendit:
272 1541 351 1595 ‘Jam
369 1542 468 1596 crescit
485 1559 558 1610 ager,
572 1542 632 1609 jam
651 1543 749 1597 crescit
767 1544 843 1608 ovile,

108 1617 173 1671 Jam
191 1617 309 1685 dabitur,
323 1617 390 1685 jam,
405 1618 481 1686 jam‚'
499 1618 585 1673 donec
604 1619 736 1687 deceptus
754 1622 783 1672 et
801 1631 900 1683 exspes
935 1628 960 1666 aa

109 1693 297 1762 Nequicquam
313 1693 398 1747 fundo
416 1695 536 1764 suspiret
553 1712 681 1748 nummus
698 1696 726 1748 in
743 1695 806 1750 imo.

142 1770 171 1824 si
188 1770 239 1823 tibi
256 1774 377 1824 crateras
395 1770 502 1838 argenti
519 1772 667 1840 incusaque
685 1772 781 1840 pingui

110 1850 186 1900 Auro
204 1847 385 1914 donatarum,
403 1847 485 1901 sudes
503 1851 532 1902 et
549 1853 662 1918 pectore
679 1848 755 1901 laevo

109 1923 240 1977 Excutiat
257 1927 352 1991 guttas
373 1923 470 1977 laetari
488 1924 693 1994 praetrepidum
711 1940 763 1979 cor.

110 2000 182 2053 Hinc
200 1999 269 2053 illud
286 2000 370 2054 subiit
388 2017 454 2053 auro
466 2017 555 2054 sacras
574 2000 648 2069 quod
666 2003 745 2054 ovato
945 2016 969 2053 so

109 2076 240 2130 Perducis
257 2077 352 2130 iacies:
377 2093 441 2129 nam
459 2075 558 2129 fratres
577 2077 649 2129 inter
668 2076 768 2131 ahenos

110 2153 221 2206 Somnia
237 2153 338 2220 pituita
355 2153 401 2219 qui
419 2152 612 2221 purgatissima
629 2153 743 2206 mittunt

110 2228 253 2297 Praecipui
270 2233 357 2293 sunto,
374 2230 465 2297 sitque
483 2228 535 2282 illis
554 2246 637 2282 aurea
654 2228 746 2284 barba.

145 2307 252 2360 Aurum
271 2321 336 2358 vasa
353 2305 460 2358 Numae
479 2305 660 2373 Saturniaque
678 2306 786 2374 impulit
804 2324 876 2378 aera,

112 2382 290 2450 Vestalesque
307 2399 390 2435 urnas
408 2385 437 2435 et
455 2381 571 2435 'luscum
590 2382 674 2435 fictile
691 2388 788 2438 mutat.
940 2401 963 2439 oo

111 2459 135 2511 Ο
152 2475 250 2512 curvae
267 2459 295 2512 in
313 2462 401 2512 terras
419 2459 526 2512 animae
544 2462 574 2512 et
593 2458 749 2512 caelestium
767 2460 876 2514 inanes!

111 2534 183 2599 Quid
196 2533 278 2603 juvat
295 2534 353 2602 hoc,
372 2535 481 2603 templis
499 2538 607 2588 nostros
628 2535 777 2589 immittere
796 2552 894 2601 mores,

111 2612 148 2665 Et
164 2611 236 2665 bona
253 2611 303 2664 Dis
321 2628 356 2665 ex
374 2610 425 2665 hac
442 2610 576 2665 scelerata
595 2611 695 2666 ducere
713 2614 813 2682 pulpa?

111 2689 188 2742 Haec
206 2688 258 2741 sibi
276 2692 404 2756 corrupto
422 2688 523 2741 casiam
542 2687 664 2742 dissolvit
682 2688 759 2756 olivo,

112 2764 189 2819 Haec
207 2764 353 2819 Calabrum
371 2765 446 2818 coxit
463 2765 559 2818 vitiato
577 2766 679 2819 murice
692 2765 785 2833 vellus,
940 2782 964 2819 ss

112 2841 189 2896 Haec
205 2842 317 2895 baccam
335 2841 453 2895 conchae
471 2842 577 2909 rasisse,
597 2846 626 2896 et
644 2843 778 2911 stringere
794 2860 877 2898 renas

111 2917 255 2972 Ferventis
272 2934 377 2971 massae
395 2917 479 2972 crudo
497 2918 533 2972 de
550 2918 663 2988 pulvere
677 2918 768 2986 jussit.

112 2992 212 3047 Peccat
228 2997 257 3048 et
273 2994 347 3059 haec,
363 2998 476 3062 peccat;
497 2995 564 3048 ritio
582 2998 674 3048 tamen
693 2996 786 3049 utitur.
824 2997 930 3050 Atros

103 3068 204 3133 Dieita
223 3070 379 3137 Pontifices,
397 3071 426 3124 in
443 3088 522 3126 sacro
540 3071 608 3140 quid
625 3071 693 3125 iacit
710 3073 825 3126 aurumi

82 3136 199 3218 Nempe
214 3143 270 3194 lroe
288 3145 367 3212 quod
390 3147 493 3204 Veneri
512 3149 636 3204 donatae
653 3166 671 3205 a
687 3150 796 3218 virgine
812 3165 916 3219 pupae.
939 3163 967 3200 ro

68 3199 143 3258 Qum
163 3210 272 3268 damus
289 3219 322 3272 id
339 3227 458 3293 superis
477 3226 516 3284 de
536 3244 645 3298 magna
662 3227 744 3299 quod
762 3226 834 3282 dare
847 3225 933 3278 ianae
