2040 3510
86 174 117 222 12
320 176 351 224 D.
370 174 475 223 JUNII
491 173 700 223 JUVENALIS

85 262 236 318 Graeculus
254 265 376 320 esuriens
394 265 422 317 in
440 264 545 317 caelum
559 263 674 331 jusseris
693 262 753 318 ibit.

86 339 134 392 Ad
154 356 298 469 grimmam,
319 357 374 394 non
398 341 512 394 Maurus
536 343 598 393 erat
621 356 712 409 neque
735 340 862 398 Sarmata
884 359 937 402 nec

195 433 244 470 rex

85 491 138 557 Qui
157 493 254 547 sumsit
273 511 383 564 pennas,
402 494 500 549 mediis
519 492 567 548 scd
586 497 667 548 natus
684 493 809 550 Athenis.
910 512 937 550 eo

85 567 192 622 Horum
210 585 262 638 ego
280 587 334 624 non
352 571 454 640 fugiam
474 571 628 639 conchylia?
652 586 697 623 me
717 570 792 640 prior
811 571 858 625 ille

84 643 224 712 Signabiti
247 646 386 715 fultusque
407 649 467 701 toro
486 647 599 701 meliore
616 647 760 703 recumbet

84 720 227 775 Adventus
247 721 361 776 Romam
380 741 433 792 quo
450 739 538 792 pruna
556 727 584 778 et
603 726 713 777 cottona
729 725 830 779 ventol

83 794 179 865 Usque
197 797 265 852 adeo
285 799 351 853 nihil
371 804 422 867 est,
441 801 516 870 quod
536 803 629 854 nestra
647 800 762 854 infantia
782 801 886 854 caelum

84 871 185 927 Hausit
206 875 344 943 Aventini,
362 875 445 930 bacca
463 877 568 930 nutrita
589 876 706 932 Sabinal
908 892 933 931 eo

83 946 164 1017 Quid,
183 951 258 1018 quod
277 952 407 1006 adulandi
425 969 493 1022 gens
513 952 726 1021 prudentissima
745 952 841 1008 lauded

83 1025 240 1081 Sermonem
258 1027 369 1096 indocti,
387 1030 484 1083 faciem
506 1029 634 1082 deformis
655 1028 741 1095 amici,

83 1101 122 1156 Et
139 1103 249 1171 longum
267 1104 379 1159 invalidi
397 1105 496 1159 collum
517 1105 666 1157 cervicibus
685 1108 786 1171 aequat

83 1177 217 1248 Herculis,
237 1180 375 1234 Antaeum
393 1180 487 1249 procul
505 1195 522 1232 a
542 1179 640 1233 tellure
658 1178 785 1246 tenentis,

82 1254 202 1309 Miratur
222 1272 314 1309 vocem
333 1261 483 1324 angustam,
503 1272 559 1323 qua
578 1254 700 1308 deterius
718 1270 769 1307 nec
907 1269 931 1307 eo

84 1330 134 1385 Ille
154 1335 232 1396 sonat
252 1348 306 1400 quo
326 1331 468 1386 mordetur
487 1330 587 1398 gallina
605 1330 711 1383 marito.

83 1406 160 1462 Haeo
180 1407 276 1461 eedem
294 1407 358 1461 licet
378 1410 408 1461 et
425 1407 505 1460 nobis
523 1405 649 1470 laudare;
672 1405 792 1459 sediliis

83 1483 219 1537 Creditur.
256 1482 301 1535 Au
315 1482 411 1536 melier
427 1499 512 1551 quum
530 1481 635 1534 Thaida
647 1482 772 1551 sustinet,
785 1485 833 1536 aut
845 1497 930 1550 quum

82 1558 204 1613 Uxorem
222 1559 366 1613 comoedus
387 1559 444 1628 agit
459 1558 502 1612 vel
523 1557 627 1612 Dorida
641 1558 715 1612 nullo

83 1635 192 1690 Cultam
210 1635 339 1705 palliolo?
374 1635 474 1689 Mulier
492 1651 592 1703 nempe
610 1635 670 1704 ipsa
688 1635 797 1691 videtur
907 1653 932 1692 os

85 1711 112 1763 N
114 1728 149 1765 on
167 1728 282 1781 persona
301 1712 389 1781 loqui:
411 1727 497 1764 vacua
517 1716 546 1764 et
565 1711 647 1779 plana
666 1712 756 1765 omnia
773 1712 849 1767 dicas

83 1787 161 1842 Infra
180 1789 360 1842 ventriculum
378 1791 408 1842 et
435 1787 512 1842 tenui
534 1786 664 1842 distantia
682 1789 758 1844 mma.

82 1864 142 1918 Nec
162 1868 255 1918 tamen
275 1864 437 1932 Antiochus,
457 1880 508 1917 nec
528 1863 581 1917 erit
598 1864 730 1918 mirabilis
748 1865 807 1920 illic

82 1941 143 1994 Aut
161 1941 308 1995 Stratocles
325 1943 373 1994 aut
391 1957 452 1994 cum
470 1939 544 1993 molli
563 1938 720 1994 Demetrius
738 1941 860 1997 Haemo:

81 2017 165 2071 Natio
184 2015 314 2071 comoeda
330 2019 380 2071 est.
418 2016 509 2080 Rides,
528 2014 632 2083 majore
649 2015 779 2071 cachinno
894 2033 931 2072 loo

82 2093 256 2158 Concutitur3
279 2092 328 2147 flet
346 2092 369 2145 si
385 2092 510 2146 lacrimas
529 2091 671 2159 conspexit
688 2092 774 2161 amici,

80 2170 108 2223 N
109 2185 140 2224 eo
158 2169 251 2234 dolet3
272 2168 419 2237 igniculum
437 2168 549 2221 brumae
565 2166 589 2220 si
606 2170 731 2236 tempore
746 2185 849 2239 poscas,

82 2245 192 2314 Accipit
209 2244 414 2311 endromidem
437 2245 459 2298 si
479 2244 588 2311 dixeris,
606 2248 709 2313 aestuo,
727 2245 815 2302 sudat.

81 2323 107 2376 N
109 2339 143 2376 on
160 2336 252 2375 sumus
269 2338 335 2390 ergo
352 2337 448 2390 pares:
473 2321 567 2374 melior
584 2321 630 2388 qui
649 2338 757 2391 semper
774 2326 805 2377 et
821 2325 895 2379 omni

80 2398 108 2451 N
109 2401 169 2452 octe
187 2398 286 2466 dieque
303 2400 395 2466 potest
412 2397 529 2451 alienum
547 2413 654 2451 sumere
671 2398 784 2467 vultum,
895 2416 930 2456 105

82 2476 108 2527 A
126 2474 195 2528 facie
207 2472 313 2542 jactare
330 2490 433 2539 manus,
451 2472 564 2527 laudare
582 2477 694 2542 paratus

82 2551 110 2605 si
127 2551 197 2604 bene
214 2550 340 2618 ructavit,
357 2550 380 2603 si
397 2552 503 2604 rectum
521 2550 620 2604 minxit
636 2551 747 2618 amicus,

81 2627 110 2681 si
128 2625 211 2680 trulla
227 2625 334 2680 inverso
352 2627 486 2695 crepitum
504 2625 583 2680 dedit
600 2643 683 2681 aurea
699 2627 791 2682 fumdo.

82 2703 230 2757 Praeterea
247 2706 371 2756 sanctum
389 2702 455 2755 nihil
473 2707 517 2757 cst
533 2706 562 2757 et
580 2702 615 2756 ab
632 2703 742 2772 inguine
759 2706 867 2760 tutum:

81 2779 144 2834 Non
161 2781 285 2832 matrona
302 2779 387 2847 Laris,
405 2795 459 2832 non
476 2779 533 2832 filia
549 2778 635 2847 virgo,
654 2796 744 2848 neque
760 2779 819 2848 ipse
894 2795 930 2834 110

82 2856 202 2926 Sponsus
219 2855 286 2909 levis
304 2855 401 2923 adhuc,
419 2871 473 2909 non
490 2856 562 2909 filius
579 2859 643 2910 ante
661 2856 784 2926 pudicus.

82 2933 190 2986 Horum
206 2931 229 2984 si
247 2931 314 2985 nihil
331 2935 382 2999 est,
401 2932 489 2985 aviam
506 2933 647 3001 resupinat
664 2931 750 2985 amici

82 3003 157 3063 Scire
173 3008 267 3062 volunt
284 3011 389 3062 secreta
407 3007 504 3061 domus
522 3011 606 3076 atque
624 3006 688 3060 inde
705 3004 804 3061 timeri.

69 3086 114 3132 Et
128 3084 258 3145 quoniam
276 3084 366 3151 coepit
385 3083 553 3138 Graecorum
569 3083 679 3149 mentio,
694 3082 782 3136 transi

54 3150 207 3230 Ogmnasia
224 3162 317 3224 atque
333 3159 404 3214 audi
420 3159 533 3214 facinus
551 3157 667 3229 majoris
683 3156 801 3210 abollae.
900 3172 942 3209 ue

41 3215 151 3275 stamus
166 3230 279 3286 oceidit
297 3235 441 3294 Baream:
463 3237 582 3294 delator
600 3234 728 3292 amicum
