2040 3510
416 170 548 218 SATIRA
565 169 614 219 VI.
910 173 942 220 29

92 261 129 315 Et
147 259 325 328 segmentatis
344 259 490 313 dormisset
507 259 620 328 parvula
639 258 722 328 cunis,

92 337 246 392 Contennsit
264 336 390 404 pelagus:
411 335 511 389 famam
530 339 713 390 contemserat
730 335 804 403 olim,
918 350 943 387 ao

92 413 178 482 Cujus
197 412 271 481 apud
290 412 384 465 molles
403 412 514 465 minima
534 415 578 465 est
592 410 702 479 jactura
720 411 872 467 cathedras

92 489 246 559 Tyrrhenos
264 488 350 556 igitur
369 488 468 541 fluctus
487 488 599 555 lateque
618 492 759 542 sonantem

93 566 212 620 Pertulit
232 564 340 617 lonium
359 565 495 618 constanti
516 569 635 633 pectore,
654 564 779 632 quamvis

92 640 257 696 Mutandum
276 640 360 694 toties
379 644 452 695 esset
470 657 552 694 mare.
588 641 671 693 Justa
690 640 786 709 pericli

92 718 121 772 Si
139 717 210 770 ratio
232 719 275 770 est
295 718 324 769 et
342 717 463 783 honesta,
483 717 581 770 timent
599 716 753 785 pavidoque
770 717 898 784 gelantur
919 731 943 768 ao

93 793 208 847 Pectore
225 809 276 846 nec
295 793 420 846 tremulis
440 796 553 861 possimt
572 792 698 846 insistere
716 791 831 862 plantis:

92 869 204 924 Fortem
222 870 342 922 animum
359 872 502 938 praestant
519 868 601 923 rebus
618 886 685 937 quas
701 869 821 938 turpiter
832 867 942 922 audent.

92 946 121 998 Si
138 945 237 1013 jubeat
255 944 363 1013 conjux,
384 946 483 999 durum
502 948 546 998 est
565 945 747 999 conscendere
765 961 878 1009 navem3

91 1021 167 1075 Tunc
186 1021 292 1075 sentina
310 1022 408 1089 gravis,
428 1025 493 1076 tunc
512 1037 633 1074 summus
652 1021 771 1074 vertitur
790 1037 852 1074 aer:

93 1098 169 1162 Quae
177 1097 319 1151 moechum
328 1098 453 1166 sequitur
462 1097 600 1151 stomacho
609 1097 690 1150 valet.
709 1096 760 1150 Illa
769 1095 896 1150 maritum
907 1110 943 1148 10.)

93 1173 249 1228 Oonvomit:
268 1173 336 1227 haec
354 1174 428 1228 inter
446 1178 544 1228 nautas
563 1176 593 1227 et
611 1174 730 1244 prandet
748 1177 777 1227 et
796 1176 870 1226 errat

93 1249 148 1304 Per
167 1267 288 1319 puppem
307 1253 337 1304 et
355 1251 439 1304 duros
457 1252 561 1319 gaudet
579 1255 698 1305 tractare
714 1249 852 1304 rudentes.

93 1327 154 1392 Qua
171 1330 263 1380 tamen
283 1328 385 1381 exarsit
403 1328 497 1396 forma,
516 1345 570 1396 qua
589 1331 669 1396 capta
685 1327 800 1395 juventa

94 1402 214 1471 Hippial
236 1403 302 1470 quid
321 1403 392 1457 vidit
410 1408 524 1473 propter
543 1404 617 1472 quod
635 1403 711 1456 ludia
729 1402 783 1457 dici

93 1478 246 1533 Sustinuit?
267 1495 330 1531 nam
350 1479 486 1546 Sergiolus
501 1479 560 1547 jam
579 1480 677 1532 radere
695 1484 792 1548 guttur
907 1494 942 1533 105

93 1554 228 1623 Coeperat
247 1559 276 1607 et
295 1559 369 1608 secto
388 1555 511 1623 requiem
532 1572 643 1624 sperare
662 1555 776 1610 lacerto:

93 1630 240 1683 Praeterea
258 1630 345 1684 multa
363 1631 392 1683 in
410 1631 481 1684 facie
500 1631 640 1699 deformia,
659 1631 729 1684 sicut

83 1706 216 1761 'Attritus
235 1707 313 1774 galea
331 1706 484 1774 mediisque
502 1707 532 1759 in
550 1706 662 1760 naribus
680 1707 776 1773 ingens

92 1782 198 1837 Gibbus
218 1787 247 1836 et
266 1800 329 1837 aere
348 1784 449 1837 malurn
468 1800 577 1853 semper
595 1783 723 1837 stillantis
741 1783 825 1838 ocelli

93 1859 148 1913 Sed
167 1859 302 1926 gladiator
321 1865 394 1914 erat:
415 1859 550 1914 fecithoc
569 1860 628 1913 illos
648 1859 816 1927 Hyacinthos
822 1879 829 1924 ;
905 1875 940 1912 110

93 1935 154 1989 Hoc
172 1935 265 2004 pueris
284 1937 453 2005 patriaeque,
471 1936 523 1990 hoc
541 1936 675 2007 praetulit
692 1936 739 1988 illa
757 1935 842 1989 sorori

94 2014 187 2080 Atque
196 2012 261 2065 viro.
285 2012 401 2066 Ferrum
414 2014 542 2082 estquod
555 2018 655 2068 amant.
679 2013 733 2067 Hic
745 2013 855 2081 Sergius
866 2013 939 2067 idem

95 2092 216 2157 Accepta
235 2089 304 2144 rude
324 2092 458 2160 coepisset
478 2090 594 2144 Veiento
613 2089 707 2144 videri.

126 2164 199 2229 Quid
218 2165 326 2234 privata
345 2165 448 2232 domus,
469 2166 535 2234 quid
553 2166 650 2219 fecerit
672 2164 783 2234 Hippia,
803 2165 897 2219 curaui

92 2240 209 2310 Respice
229 2241 326 2295 rivales
346 2243 490 2296 Diuorum:
513 2242 642 2297 Claudius
661 2241 726 2295 audi
904 2255 939 2293 ua

92 2319 168 2382 Quae
188 2318 289 2372 tulerit.
326 2319 454 2371 Dormire
472 2319 560 2371 virum
580 2335 664 2385 quum
683 2320 805 2371 senserat
823 2332 899 2383 uxor,

92 2396 167 2446 Ausa
186 2394 310 2449 Palatino
330 2397 451 2462 tegetem
470 2395 609 2463 praeferre
627 2393 717 2459 cubili,

91 2468 204 2523 Sumere
221 2474 367 2523 nocturnos
385 2470 515 2523 meretrix
536 2471 662 2537 Augusta
680 2468 806 2535 cucullos,

91 2544 246 2614 linquebat
264 2546 363 2599 comite
380 2546 479 2600 ancilla
496 2563 549 2599 non
567 2546 682 2614 amplius
700 2562 767 2598 una:

91 2621 153 2689 Sed,
172 2622 278 2690 nigrum
297 2622 367 2675 flavo
385 2623 487 2676 crinem
505 2621 690 2676 abscondente
706 2622 807 2689 galero,
904 2639 937 2675 reo

91 2697 210 2751 Intravit
227 2698 345 2752 calidum
363 2699 451 2753 veteri
469 2709 585 2753 centone
602 2699 724 2768 lupanar,

90 2773 127 2827 m
145 2773 239 2827 cellam
257 2791 369 2827 vacuam
387 2779 470 2844 atque
488 2792 572 2828 suam.
606 2775 680 2828 Tunc
697 2773 771 2827 nuda
788 2773 896 2842 papillis

90 2850 220 2903 Constitit
238 2852 346 2918 auratis,
365 2851 475 2905 titulum
493 2852 609 2906 mentita
627 2851 761 2920 Lyciscae,

89 2926 273 2996 Ostenditque
290 2931 377 2994 tuum,
395 2945 527 2996 generose
545 2928 708 2993 Britannice,
726 2929 857 2981 ventrem.

89 3002 206 3072 Excepit
223 3003 323 3057 blanda
340 3004 474 3059 intrantes
491 3009 575 3074 atque
593 3021 657 3058 aera
673 3003 808 3072 poposcit,
900 3020 944 3052 nus

89 3078 126 3132 ut
144 3080 269 3148 resupina
282 3079 379 3148 jacens
397 3081 553 3137 multorum
568 3079 720 3136 auserunt
730 3077 822 3129 ictos,

80 3153 155 3220 Mox,
172 3154 272 3210 lenone
290 3174 356 3214 suas
369 3159 435 3230 jam
453 3161 626 3216 dimittente
642 3153 770 3226 puellas,

74 3227 171 3282 Tristis
188 3231 259 3302 abit,
281 3238 311 3290 et
331 3239 416 3309 quod
435 3240 538 3312 potuit
555 3242 667 3295 tmen
681 3226 799 3284 ultimus
816 3213 931 3266 &xm
