<?xml version="1.0" encoding="UTF-8"?>
<!DOCTYPE html PUBLIC "-//W3C//DTD XHTML 1.0 Transitional//EN"
    "http://www.w3.org/TR/xhtml1/DTD/xhtml1-transitional.dtd">
<html xmlns="http://www.w3.org/1999/xhtml" xml:lang="en" lang="en">
 <head>
  <title>
</title>
<meta http-equiv="Content-Type" content="text/html;charset=utf-8" />
  <meta name='ocr-system' content='tesseract 3.04.00' />
  <meta name='ocr-capabilities' content='ocr_page ocr_carea ocr_par ocr_line ocrx_word'/>
</head>
<body>
  <div class='ocr_page' id='page_1' title='image "./deciijuniijuven00persgoog_0023.png"; bbox 0 0 2040 3510; ppageno 0'>
   <div class='ocr_carea' id='block_1_1' title="bbox 92 184 706 236">
    <p class='ocr_par' dir='ltr' id='par_1_1' title="bbox 92 184 706 236">
     <span class='ocr_line' id='line_1_1' title="bbox 92 184 706 236; baseline 0.003 -4"><span class='ocrx_word' id='word_1_1' title='bbox 92 185 124 232; x_wconf 82' lang='lat'><strong>14</strong></span> <span class='ocrx_word' id='word_1_2' title='bbox 328 184 359 233; x_wconf 89' lang='lat' dir='ltr'><strong>D.</strong></span> <span class='ocrx_word' id='word_1_3' title='bbox 378 185 484 234; x_wconf 80' lang='lat' dir='ltr'><strong>dUNII</strong></span> <span class='ocrx_word' id='word_1_4' title='bbox 500 185 518 234; x_wconf 91' lang='lat' dir='ltr'><strong>J</strong></span> <span class='ocrx_word' id='word_1_5' title='bbox 521 185 706 236; x_wconf 81' lang='lat' dir='ltr'>UVENALIS</span> 
     </span>
    </p>
   </div>
   <div class='ocr_carea' id='block_1_2' title="bbox 81 270 943 3081">
    <p class='ocr_par' dir='ltr' id='par_1_2' title="bbox 93 270 720 343">
     <span class='ocr_line' id='line_1_2' title="bbox 93 270 720 343; baseline 0.003 -17"><span class='ocrx_word' id='word_1_6' title='bbox 93 273 148 328; x_wconf 90' lang='lat' dir='ltr'><strong>Hie</strong></span> <span class='ocrx_word' id='word_1_7' title='bbox 165 273 281 343; x_wconf 80' lang='lat' dir='ltr'>plaudat</span> <span class='ocrx_word' id='word_1_8' title='bbox 297 270 379 328; x_wconf 90' lang='lat' dir='ltr'><strong>nitidi</strong></span> <span class='ocrx_word' id='word_1_9' title='bbox 396 275 540 343; x_wconf 88' lang='lat' dir='ltr'><strong>praeconis</strong></span> <span class='ocrx_word' id='word_1_10' title='bbox 558 275 629 328; x_wconf 86' lang='lat' dir='ltr'><strong>filius</strong></span> <span class='ocrx_word' id='word_1_11' title='bbox 646 275 720 329; x_wconf 90' lang='lat' dir='ltr'><strong>inter</strong></span> 
     </span>
    </p>

    <p class='ocr_par' dir='ltr' id='par_1_3' title="bbox 93 349 808 419">
     <span class='ocr_line' id='line_1_3' title="bbox 93 349 808 419; baseline 0.007 -18"><span class='ocrx_word' id='word_1_12' title='bbox 93 349 233 418; x_wconf 90' lang='lat' dir='ltr'><strong>Pinnirapi</strong></span> <span class='ocrx_word' id='word_1_13' title='bbox 250 351 338 404; x_wconf 79' lang='lat' dir='ltr'><strong>cultos</strong></span> <span class='ocrx_word' id='word_1_14' title='bbox 351 349 467 418; x_wconf 86' lang='lat' dir='ltr'><strong>juvenes</strong></span> <span class='ocrx_word' id='word_1_15' title='bbox 480 351 651 419; x_wconf 84' lang='lat' dir='ltr'><strong>juvenesque</strong></span> <span class='ocrx_word' id='word_1_16' title='bbox 668 351 808 407; x_wconf 86' lang='lat' dir='ltr'><strong>lanistae.”</strong></span> 
     </span>
    </p>

    <p class='ocr_par' dir='ltr' id='par_1_4' title="bbox 93 426 749 495">
     <span class='ocr_line' id='line_1_4' title="bbox 93 426 749 495; baseline 0.003 -15"><span class='ocrx_word' id='word_1_17' title='bbox 93 426 137 480; x_wconf 86' lang='lat' dir='ltr'><strong>Sia</strong></span> <span class='ocrx_word' id='word_1_18' title='bbox 155 426 264 480; x_wconf 88' lang='lat' dir='ltr'><strong>libitum</strong></span> <span class='ocrx_word' id='word_1_19' title='bbox 282 443 349 480; x_wconf 81' lang='lat' dir='ltr'><strong>vano</strong></span> <span class='ocrx_word' id='word_1_20' title='bbox 368 427 481 495; x_wconf 90' lang='lat' dir='ltr'><strong>quinos</strong></span> <span class='ocrx_word' id='word_1_21' title='bbox 499 427 625 483; x_wconf 77' lang='lat' dir='ltr'><strong>distinxit</strong></span> <span class='ocrx_word' id='word_1_22' title='bbox 642 427 749 482; x_wconf 90' lang='lat' dir='ltr'><strong>Othoni.</strong></span> 
     </span>
    </p>

    <p class='ocr_par' dir='ltr' id='par_1_5' title="bbox 92 502 943 806">
     <span class='ocr_line' id='line_1_5' title="bbox 93 502 943 574; baseline 0.004 -18"><span class='ocrx_word' id='word_1_23' title='bbox 93 502 159 568; x_wconf 79' lang='lat' dir='ltr'><strong>Quis</strong></span> <span class='ocrx_word' id='word_1_24' title='bbox 176 519 261 571; x_wconf 87' lang='lat' dir='ltr'><strong>gener</strong></span> <span class='ocrx_word' id='word_1_25' title='bbox 277 503 321 557; x_wconf 89' lang='lat' dir='ltr'><strong>hie</strong></span> <span class='ocrx_word' id='word_1_26' title='bbox 337 502 441 572; x_wconf 78' lang='lat' dir='ltr'><strong>placuit</strong></span> <span class='ocrx_word' id='word_1_27' title='bbox 459 521 541 558; x_wconf 86' lang='lat' dir='ltr'><strong>censu</strong></span> <span class='ocrx_word' id='word_1_28' title='bbox 559 506 646 558; x_wconf 88' lang='lat' dir='ltr'><strong>minor</strong></span> <span class='ocrx_word' id='word_1_29' title='bbox 660 509 744 572; x_wconf 88' lang='lat' dir='ltr'><strong>atque</strong></span> <span class='ocrx_word' id='word_1_30' title='bbox 760 506 867 574; x_wconf 90' lang='lat' dir='ltr'><strong>puellae</strong></span> <span class='ocrx_word' id='word_1_31' title='bbox 907 518 943 559; x_wconf 80' lang='lat' dir='ltr'><strong>leo</strong></span> 
     </span>
     <span class='ocr_line' id='line_1_6' title="bbox 92 579 831 650; baseline 0.003 -17"><span class='ocrx_word' id='word_1_32' title='bbox 92 579 237 633; x_wconf 80' lang='lat' dir='ltr'><strong>Sarcinulis</strong></span> <span class='ocrx_word' id='word_1_33' title='bbox 254 580 363 650; x_wconf 84' lang='lat' dir='ltr'><strong>impari</strong></span> <span class='ocrx_word' id='word_1_34' title='bbox 385 580 445 649; x_wconf 86' lang='lat' dir='ltr'><strong>quis</strong></span> <span class='ocrx_word' id='word_1_35' title='bbox 463 597 569 650; x_wconf 78' lang='lat' dir='ltr'>pauper</span> <span class='ocrx_word' id='word_1_36' title='bbox 586 582 715 635; x_wconf 80' lang='lat' dir='ltr'><strong>scribitur</strong></span> <span class='ocrx_word' id='word_1_37' title='bbox 732 581 831 636; x_wconf 81' lang='lat' dir='ltr'><strong>heresi</strong></span> 
     </span>
     <span class='ocr_line' id='line_1_7' title="bbox 92 655 874 726; baseline 0.006 -18"><span class='ocrx_word' id='word_1_38' title='bbox 92 655 207 721; x_wconf 81' lang='lat' dir='ltr'><strong>Quando</strong></span> <span class='ocrx_word' id='word_1_39' title='bbox 224 656 252 710; x_wconf 88' lang='lat' dir='ltr'><strong>in</strong></span> <span class='ocrx_word' id='word_1_40' title='bbox 270 656 380 710; x_wconf 86' lang='lat' dir='ltr'><strong>oonsilio</strong></span> <span class='ocrx_word' id='word_1_41' title='bbox 398 660 442 711; x_wconf 91' lang='lat' dir='ltr'><strong>est</strong></span> <span class='ocrx_word' id='word_1_42' title='bbox 461 657 606 712; x_wconf 86' lang='lat' dir='ltr'><strong>Aedilibus</strong></span> <span class='ocrx_word' id='word_1_43' title='bbox 616 661 626 712; x_wconf 85' lang='lat' dir='ltr'><strong>&#39;l</strong></span> <span class='ocrx_word' id='word_1_44' title='bbox 663 658 782 726; x_wconf 82' lang='lat' dir='ltr'><strong>Agmine</strong></span> <span class='ocrx_word' id='word_1_45' title='bbox 800 659 874 713; x_wconf 86' lang='lat' dir='ltr'><strong>facto</strong></span> 
     </span>
     <span class='ocr_line' id='line_1_8' title="bbox 92 731 738 806; baseline 0.006 -21"><span class='ocrx_word' id='word_1_46' title='bbox 92 731 252 806; x_wconf 78' lang='lat' dir='ltr'><strong>Debuerant</strong></span> <span class='ocrx_word' id='word_1_47' title='bbox 269 733 332 786; x_wconf 93' lang='lat' dir='ltr'><strong>olim</strong></span> <span class='ocrx_word' id='word_1_48' title='bbox 350 736 447 787; x_wconf 88' lang='lat' dir='ltr'><strong>tenues</strong></span> <span class='ocrx_word' id='word_1_49' title='bbox 463 735 593 802; x_wconf 81' lang='lat' dir='ltr'><strong>migrasse</strong></span> <span class='ocrx_word' id='word_1_50' title='bbox 611 735 738 800; x_wconf 80' lang='lat' dir='ltr'><strong>Quirites.</strong></span> 
     </span>
    </p>

    <p class='ocr_par' dir='ltr' id='par_1_6' title="bbox 92 809 842 879">
     <span class='ocr_line' id='line_1_9' title="bbox 92 809 842 879; baseline 0.004 -17"><span class='ocrx_word' id='word_1_51' title='bbox 92 809 177 862; x_wconf 88' lang='lat' dir='ltr'><strong>Haud</strong></span> <span class='ocrx_word' id='word_1_52' title='bbox 192 809 272 863; x_wconf 74' lang='lat' dir='ltr'><strong>sanilo</strong></span> <span class='ocrx_word' id='word_1_53' title='bbox 289 814 432 878; x_wconf 78' lang='lat' dir='ltr'><strong>emergunt</strong></span> <span class='ocrx_word' id='word_1_54' title='bbox 450 826 566 879; x_wconf 89' lang='lat' dir='ltr'><strong>quorum</strong></span> <span class='ocrx_word' id='word_1_55' title='bbox 583 810 732 866; x_wconf 84' lang='lat' dir='ltr'><strong>virtutibus</strong></span> <span class='ocrx_word' id='word_1_56' title='bbox 750 812 842 865; x_wconf 81' lang='lat' dir='ltr'><strong>obstat</strong></span> 
     </span>
    </p>

    <p class='ocr_par' dir='ltr' id='par_1_7' title="bbox 91 886 941 1108">
     <span class='ocr_line' id='line_1_10' title="bbox 92 886 941 954; baseline 0 -14"><span class='ocrx_word' id='word_1_57' title='bbox 92 886 148 940; x_wconf 84' lang='lat' dir='ltr'><strong>Res</strong></span> <span class='ocrx_word' id='word_1_58' title='bbox 164 889 281 954; x_wconf 84' lang='lat' dir='ltr'><strong>angusta</strong></span> <span class='ocrx_word' id='word_1_59' title='bbox 298 886 386 941; x_wconf 91' lang='lat' dir='ltr'><strong>domi:</strong></span> <span class='ocrx_word' id='word_1_60' title='bbox 412 887 462 940; x_wconf 88' lang='lat' dir='ltr'><strong>sed</strong></span> <span class='ocrx_word' id='word_1_61' title='bbox 480 887 584 942; x_wconf 84' lang='lat' dir='ltr'><strong>Romae</strong></span> <span class='ocrx_word' id='word_1_62' title='bbox 601 888 696 941; x_wconf 87' lang='lat' dir='ltr'><strong>durior</strong></span> <span class='ocrx_word' id='word_1_63' title='bbox 712 887 766 941; x_wconf 90' lang='lat' dir='ltr'><strong>illis</strong></span> <span class='ocrx_word' id='word_1_64' title='bbox 906 901 941 940; x_wconf 74' lang='lat'><strong>16⁵</strong></span> 
     </span>
     <span class='ocr_line' id='line_1_11' title="bbox 91 963 815 1032; baseline 0.001 -16"><span class='ocrx_word' id='word_1_65' title='bbox 91 964 211 1017; x_wconf 73' lang='lat' dir='ltr'><strong>conatus</strong></span> <span class='ocrx_word' id='word_1_66' title='bbox 221 981 228 1028; x_wconf 81' lang='lat'><em>3</em></span> <span class='ocrx_word' id='word_1_67' title='bbox 252 979 351 1032; x_wconf 82' lang='lat' dir='ltr'><strong>magno</strong></span> <span class='ocrx_word' id='word_1_68' title='bbox 368 963 518 1032; x_wconf 82' lang='lat' dir='ltr'><strong>hospitium</strong></span> <span class='ocrx_word' id='word_1_69' title='bbox 536 963 697 1030; x_wconf 85' lang='lat' dir='ltr'><strong>miserabile,</strong></span> <span class='ocrx_word' id='word_1_70' title='bbox 716 979 815 1032; x_wconf 84' lang='lat' dir='ltr'><strong>magno</strong></span> 
     </span>
     <span class='ocr_line' id='line_1_12' title="bbox 91 1039 750 1108; baseline -0.002 -14"><span class='ocrx_word' id='word_1_71' title='bbox 91 1039 235 1094; x_wconf 85' lang='lat' dir='ltr'><strong>Servorum</strong></span> <span class='ocrx_word' id='word_1_72' title='bbox 252 1045 362 1094; x_wconf 85' lang='lat' dir='ltr'><strong>ventres</strong></span> <span class='ocrx_word' id='word_1_73' title='bbox 379 1044 408 1094; x_wconf 94' lang='lat' dir='ltr'><strong>et</strong></span> <span class='ocrx_word' id='word_1_74' title='bbox 425 1040 497 1108; x_wconf 85' lang='lat' dir='ltr'><strong>frugi</strong></span> <span class='ocrx_word' id='word_1_75' title='bbox 515 1040 628 1094; x_wconf 88' lang='lat' dir='ltr'><strong>eoenula</strong></span> <span class='ocrx_word' id='word_1_76' title='bbox 644 1056 750 1108; x_wconf 76' lang='lat' dir='ltr'><strong>magno.</strong></span> 
     </span>
    </p>

    <p class='ocr_par' dir='ltr' id='par_1_8' title="bbox 83 1115 940 1571">
     <span class='ocr_line' id='line_1_13' title="bbox 91 1115 794 1186; baseline 0.001 -18"><span class='ocrx_word' id='word_1_77' title='bbox 91 1115 233 1171; x_wconf 76' lang='lat' dir='ltr'><strong>Fictilibus</strong></span> <span class='ocrx_word' id='word_1_78' title='bbox 250 1133 365 1171; x_wconf 86' lang='lat' dir='ltr'><strong>coenare</strong></span> <span class='ocrx_word' id='word_1_79' title='bbox 381 1116 476 1186; x_wconf 89' lang='lat' dir='ltr'><strong>pudet,</strong></span> <span class='ocrx_word' id='word_1_80' title='bbox 494 1118 569 1185; x_wconf 91' lang='lat' dir='ltr'><strong>quod</strong></span> <span class='ocrx_word' id='word_1_81' title='bbox 586 1121 668 1186; x_wconf 88' lang='lat' dir='ltr'><strong>turpe</strong></span> <span class='ocrx_word' id='word_1_82' title='bbox 684 1116 794 1184; x_wconf 80' lang='lat' dir='ltr'><strong>negavit</strong></span> 
     </span>
     <span class='ocr_line' id='line_1_14' title="bbox 89 1191 877 1261; baseline -0.001 -15"><span class='ocrx_word' id='word_1_83' title='bbox 89 1193 248 1248; x_wconf 87' lang='lat' dir='ltr'><strong>Translatus</strong></span> <span class='ocrx_word' id='word_1_84' title='bbox 263 1193 355 1246; x_wconf 87' lang='lat' dir='ltr'><strong>subito</strong></span> <span class='ocrx_word' id='word_1_85' title='bbox 373 1192 409 1246; x_wconf 91' lang='lat' dir='ltr'><strong>ad</strong></span> <span class='ocrx_word' id='word_1_86' title='bbox 426 1193 532 1246; x_wconf 90' lang='lat' dir='ltr'><strong>Marsos</strong></span> <span class='ocrx_word' id='word_1_87' title='bbox 549 1209 723 1261; x_wconf 86' lang='lat' dir='ltr'><strong>mensamque</strong></span> <span class='ocrx_word' id='word_1_88' title='bbox 742 1191 877 1246; x_wconf 82' lang='lat' dir='ltr'><strong>Sabellam</strong></span> 
     </span>
     <span class='ocr_line' id='line_1_15' title="bbox 83 1268 940 1339; baseline -0.002 -16"><span class='ocrx_word' id='word_1_89' title='bbox 83 1269 296 1339; x_wconf 80' lang='lat' dir='ltr'><strong>&#39;Oontentusque</strong></span> <span class='ocrx_word' id='word_1_90' title='bbox 313 1270 367 1323; x_wconf 91' lang='lat' dir='ltr'><strong>illie</strong></span> <span class='ocrx_word' id='word_1_91' title='bbox 384 1272 482 1323; x_wconf 84' lang='lat' dir='ltr'><strong>veneto</strong></span> <span class='ocrx_word' id='word_1_92' title='bbox 501 1268 623 1338; x_wconf 89' lang='lat' dir='ltr'><strong>duroque</strong></span> <span class='ocrx_word' id='word_1_93' title='bbox 642 1269 752 1323; x_wconf 76' lang='lat' dir='ltr'><strong>cucullo.</strong></span> <span class='ocrx_word' id='word_1_94' title='bbox 906 1283 940 1323; x_wconf 74' lang='lat'><strong>170</strong></span> 
     </span>
     <span class='ocr_line' id='line_1_16' title="bbox 90 1344 923 1414; baseline -0.001 -15"><span class='ocrx_word' id='word_1_95' title='bbox 90 1344 158 1399; x_wconf 87' lang='lat' dir='ltr'><strong>Pars</strong></span> <span class='ocrx_word' id='word_1_96' title='bbox 174 1361 272 1414; x_wconf 87' lang='lat' dir='ltr'><strong>magna</strong></span> <span class='ocrx_word' id='word_1_97' title='bbox 290 1346 388 1399; x_wconf 86' lang='lat' dir='ltr'><strong>Italiae</strong></span> <span class='ocrx_word' id='word_1_98' title='bbox 406 1348 456 1411; x_wconf 88' lang='lat' dir='ltr'><strong>est,</strong></span> <span class='ocrx_word' id='word_1_99' title='bbox 475 1346 497 1398; x_wconf 90' lang='lat' dir='ltr'><strong>si</strong></span> <span class='ocrx_word' id='word_1_100' title='bbox 513 1362 607 1400; x_wconf 83' lang='lat' dir='ltr'><strong>verum</strong></span> <span class='ocrx_word' id='word_1_101' title='bbox 625 1345 804 1411; x_wconf 87' lang='lat' dir='ltr'><strong>admittimus,</strong></span> <span class='ocrx_word' id='word_1_102' title='bbox 821 1344 850 1396; x_wconf 94' lang='lat' dir='ltr'><strong>in</strong></span> <span class='ocrx_word' id='word_1_103' title='bbox 868 1360 923 1413; x_wconf 91' lang='lat' dir='ltr'><strong>qua</strong></span> 
     </span>
     <span class='ocr_line' id='line_1_17' title="bbox 89 1421 828 1490; baseline -0.003 -16"><span class='ocrx_word' id='word_1_104' title='bbox 89 1421 177 1476; x_wconf 90' lang='lat' dir='ltr'><strong>Nemo</strong></span> <span class='ocrx_word' id='word_1_105' title='bbox 194 1425 287 1490; x_wconf 81' lang='lat' dir='ltr'><strong>togam</strong></span> <span class='ocrx_word' id='word_1_106' title='bbox 304 1422 387 1476; x_wconf 88' lang='lat' dir='ltr'><strong>sumit</strong></span> <span class='ocrx_word' id='word_1_107' title='bbox 404 1421 454 1474; x_wconf 89' lang='lat' dir='ltr'><strong>nisi</strong></span> <span class='ocrx_word' id='word_1_108' title='bbox 472 1426 601 1476; x_wconf 89' lang='lat' dir='ltr'><strong>mortuus.</strong></span> <span class='ocrx_word' id='word_1_109' title='bbox 639 1423 704 1490; x_wconf 88' lang='lat' dir='ltr'><strong>Ipsa</strong></span> <span class='ocrx_word' id='word_1_110' title='bbox 722 1421 828 1474; x_wconf 89' lang='lat' dir='ltr'><strong>dierum</strong></span> 
     </span>
     <span class='ocr_line' id='line_1_18' title="bbox 90 1497 781 1571; baseline -0.003 -20"><span class='ocrx_word' id='word_1_111' title='bbox 90 1497 235 1571; x_wconf 78' lang='lat' dir='ltr'><strong>Festorum</strong></span> <span class='ocrx_word' id='word_1_112' title='bbox 253 1498 369 1553; x_wconf 89' lang='lat' dir='ltr'><strong>herboso</strong></span> <span class='ocrx_word' id='word_1_113' title='bbox 387 1498 486 1552; x_wconf 85' lang='lat' dir='ltr'><strong>colitur</strong></span> <span class='ocrx_word' id='word_1_114' title='bbox 504 1497 654 1567; x_wconf 87' lang='lat' dir='ltr'><strong>siquando</strong></span> <span class='ocrx_word' id='word_1_115' title='bbox 671 1497 781 1552; x_wconf 88' lang='lat' dir='ltr'><strong>theatro</strong></span> 
     </span>
    </p>

    <p class='ocr_par' dir='ltr' id='par_1_9' title="bbox 83 1574 939 1796">
     <span class='ocr_line' id='line_1_19' title="bbox 89 1574 791 1644; baseline -0.001 -16"><span class='ocrx_word' id='word_1_116' title='bbox 89 1574 223 1643; x_wconf 85' lang='lat' dir='ltr'><strong>Majestas</strong></span> <span class='ocrx_word' id='word_1_117' title='bbox 241 1575 409 1643; x_wconf 83' lang='lat' dir='ltr'><strong>tandemque</strong></span> <span class='ocrx_word' id='word_1_118' title='bbox 427 1574 501 1629; x_wconf 88' lang='lat' dir='ltr'><strong>redit</strong></span> <span class='ocrx_word' id='word_1_119' title='bbox 519 1574 555 1628; x_wconf 85' lang='lat' dir='ltr'><strong>ad</strong></span> <span class='ocrx_word' id='word_1_120' title='bbox 573 1575 679 1644; x_wconf 88' lang='lat' dir='ltr'><strong>pulpita</strong></span> <span class='ocrx_word' id='word_1_121' title='bbox 696 1577 791 1628; x_wconf 88' lang='lat' dir='ltr'><strong>notum</strong></span> 
     </span>
     <span class='ocr_line' id='line_1_20' title="bbox 83 1650 939 1721; baseline 0.001 -16"><span class='ocrx_word' id='word_1_122' title='bbox 83 1651 232 1719; x_wconf 76' lang='lat' dir='ltr'><strong>Exodium,</strong></span> <span class='ocrx_word' id='word_1_123' title='bbox 252 1668 336 1721; x_wconf 91' lang='lat' dir='ltr'><strong>quum</strong></span> <span class='ocrx_word' id='word_1_124' title='bbox 353 1666 485 1719; x_wconf 88' lang='lat' dir='ltr'><strong>personae</strong></span> <span class='ocrx_word' id='word_1_125' title='bbox 502 1650 632 1720; x_wconf 88' lang='lat' dir='ltr'><strong>pallentis</strong></span> <span class='ocrx_word' id='word_1_126' title='bbox 650 1651 756 1705; x_wconf 90' lang='lat' dir='ltr'><strong>hiatum</strong></span> <span class='ocrx_word' id='word_1_127' title='bbox 905 1666 939 1706; x_wconf 82' lang='lat'><strong>17⁵</strong></span> 
     </span>
     <span class='ocr_line' id='line_1_21' title="bbox 89 1726 754 1796; baseline 0 -16"><span class='ocrx_word' id='word_1_128' title='bbox 89 1726 125 1781; x_wconf 93' lang='lat' dir='ltr'><strong>In</strong></span> <span class='ocrx_word' id='word_1_129' title='bbox 141 1729 246 1796; x_wconf 87' lang='lat' dir='ltr'><strong>gremio</strong></span> <span class='ocrx_word' id='word_1_130' title='bbox 264 1727 359 1782; x_wconf 89' lang='lat' dir='ltr'><strong>matris</strong></span> <span class='ocrx_word' id='word_1_131' title='bbox 376 1726 507 1780; x_wconf 85' lang='lat' dir='ltr'><strong>formidat</strong></span> <span class='ocrx_word' id='word_1_132' title='bbox 523 1727 641 1781; x_wconf 81' lang='lat' dir='ltr'><strong>rusticus</strong></span> <span class='ocrx_word' id='word_1_133' title='bbox 659 1727 754 1794; x_wconf 81' lang='lat' dir='ltr'><strong>miens,</strong></span> 
     </span>
    </p>

    <p class='ocr_par' dir='ltr' id='par_1_10' title="bbox 88 1803 855 2012">
     <span class='ocr_line' id='line_1_22' title="bbox 89 1803 855 1873; baseline 0 -17"><span class='ocrx_word' id='word_1_134' title='bbox 89 1804 229 1872; x_wconf 85' lang='lat' dir='ltr'><strong>Aequales</strong></span> <span class='ocrx_word' id='word_1_135' title='bbox 246 1804 357 1858; x_wconf 88' lang='lat' dir='ltr'><strong>habitus</strong></span> <span class='ocrx_word' id='word_1_136' title='bbox 374 1804 430 1858; x_wconf 87' lang='lat' dir='ltr'><strong>illio</strong></span> <span class='ocrx_word' id='word_1_137' title='bbox 448 1803 619 1873; x_wconf 87' lang='lat' dir='ltr'><strong>similemque</strong></span> <span class='ocrx_word' id='word_1_138' title='bbox 637 1803 743 1858; x_wconf 84' lang='lat' dir='ltr'><strong>videbis</strong></span> <span class='ocrx_word' id='word_1_139' title='bbox 854 1824 855 1828; x_wconf 45' lang='lat'>¹</span> 
     </span>
     <span class='ocr_line' id='line_1_23' title="bbox 89 1879 828 1950; baseline 0.005 -18"><span class='ocrx_word' id='word_1_140' title='bbox 89 1879 263 1934; x_wconf 80' lang='lat' dir='ltr'><strong>Orchestram</strong></span> <span class='ocrx_word' id='word_1_141' title='bbox 280 1883 310 1934; x_wconf 90' lang='lat' dir='ltr'><strong>et</strong></span> <span class='ocrx_word' id='word_1_142' title='bbox 327 1881 471 1950; x_wconf 89' lang='lat' dir='ltr'><strong>populum:</strong></span> <span class='ocrx_word' id='word_1_143' title='bbox 495 1880 560 1934; x_wconf 88' lang='lat' dir='ltr'><strong>olari</strong></span> <span class='ocrx_word' id='word_1_144' title='bbox 577 1880 701 1934; x_wconf 86' lang='lat' dir='ltr'><strong>velamen</strong></span> <span class='ocrx_word' id='word_1_145' title='bbox 718 1879 828 1936; x_wconf 85' lang='lat' dir='ltr'><strong>honoris</strong></span> 
     </span>
     <span class='ocr_line' id='line_1_24' title="bbox 88 1955 755 2012; baseline 0 -2"><span class='ocrx_word' id='word_1_146' title='bbox 88 1955 231 2011; x_wconf 81' lang='lat' dir='ltr'><strong>Sufficiunt</strong></span> <span class='ocrx_word' id='word_1_147' title='bbox 247 1957 358 2011; x_wconf 81' lang='lat' dir='ltr'><strong>tunicae</strong></span> <span class='ocrx_word' id='word_1_148' title='bbox 375 1957 487 2010; x_wconf 88' lang='lat' dir='ltr'><strong>summis</strong></span> <span class='ocrx_word' id='word_1_149' title='bbox 506 1955 652 2012; x_wconf 87' lang='lat' dir='ltr'><strong>Aedilibus</strong></span> <span class='ocrx_word' id='word_1_150' title='bbox 669 1956 755 2010; x_wconf 81' lang='lat' dir='ltr'><strong>albae.</strong></span> 
     </span>
    </p>

    <p class='ocr_par' dir='ltr' id='par_1_11' title="bbox 81 2032 939 2559">
     <span class='ocr_line' id='line_1_25' title="bbox 89 2032 939 2102; baseline 0.002 -16"><span class='ocrx_word' id='word_1_151' title='bbox 89 2032 144 2086; x_wconf 88' lang='lat' dir='ltr'><strong>Hie</strong></span> <span class='ocrx_word' id='word_1_152' title='bbox 162 2033 235 2087; x_wconf 89' lang='lat' dir='ltr'><strong>ultra</strong></span> <span class='ocrx_word' id='word_1_153' title='bbox 250 2034 322 2087; x_wconf 86' lang='lat' dir='ltr'><strong>vires</strong></span> <span class='ocrx_word' id='word_1_154' title='bbox 340 2033 451 2088; x_wconf 91' lang='lat' dir='ltr'><strong>habitus</strong></span> <span class='ocrx_word' id='word_1_155' title='bbox 466 2035 554 2098; x_wconf 90' lang='lat' dir='ltr'><strong>nitor;</strong></span> <span class='ocrx_word' id='word_1_156' title='bbox 578 2032 623 2086; x_wconf 87' lang='lat' dir='ltr'><strong>hie</strong></span> <span class='ocrx_word' id='word_1_157' title='bbox 640 2032 744 2100; x_wconf 90' lang='lat' dir='ltr'><strong>aliquid</strong></span> <span class='ocrx_word' id='word_1_158' title='bbox 760 2034 822 2102; x_wconf 87' lang='lat' dir='ltr'><strong>plus</strong></span> <span class='ocrx_word' id='word_1_159' title='bbox 903 2049 939 2090; x_wconf 81' lang='lat' dir='ltr'><strong>teo</strong></span> 
     </span>
     <span class='ocr_line' id='line_1_26' title="bbox 89 2108 807 2174; baseline 0.003 -12"><span class='ocrx_word' id='word_1_160' title='bbox 89 2108 177 2174; x_wconf 80' lang='lat' dir='ltr'><strong>Quam</strong></span> <span class='ocrx_word' id='word_1_161' title='bbox 194 2109 262 2164; x_wconf 89' lang='lat' dir='ltr'><strong>satis</strong></span> <span class='ocrx_word' id='word_1_162' title='bbox 279 2112 322 2164; x_wconf 89' lang='lat' dir='ltr'><strong>est</strong></span> <span class='ocrx_word' id='word_1_163' title='bbox 338 2109 478 2163; x_wconf 90' lang='lat' dir='ltr'><strong>interdum</strong></span> <span class='ocrx_word' id='word_1_164' title='bbox 496 2110 585 2163; x_wconf 89' lang='lat' dir='ltr'><strong>aliena</strong></span> <span class='ocrx_word' id='word_1_165' title='bbox 603 2109 719 2162; x_wconf 89' lang='lat' dir='ltr'><strong>sumitur</strong></span> <span class='ocrx_word' id='word_1_166' title='bbox 737 2125 807 2164; x_wconf 82' lang='lat' dir='ltr'><strong>area</strong></span> 
     </span>
     <span class='ocr_line' id='line_1_27' title="bbox 89 2182 836 2240; baseline 0 0"><span class='ocrx_word' id='word_1_167' title='bbox 89 2184 238 2240; x_wconf 81' lang='lat' dir='ltr'><strong>Commune</strong></span> <span class='ocrx_word' id='word_1_168' title='bbox 255 2185 285 2238; x_wconf 93' lang='lat' dir='ltr'><strong>id</strong></span> <span class='ocrx_word' id='word_1_169' title='bbox 302 2186 399 2240; x_wconf 80' lang='lat' dir='ltr'><strong>vitium</strong></span> <span class='ocrx_word' id='word_1_170' title='bbox 416 2189 476 2240; x_wconf 89' lang='lat' dir='ltr'><strong>est:</strong></span> <span class='ocrx_word' id='word_1_171' title='bbox 498 2182 542 2240; x_wconf 89' lang='lat' dir='ltr'><strong>hie</strong></span> <span class='ocrx_word' id='word_1_172' title='bbox 559 2186 674 2239; x_wconf 88' lang='lat' dir='ltr'><strong>vivimus</strong></span> <span class='ocrx_word' id='word_1_173' title='bbox 691 2185 836 2240; x_wconf 88' lang='lat' dir='ltr'><strong>ambitiosa</strong></span> 
     </span>
     <span class='ocr_line' id='line_1_28' title="bbox 88 2260 915 2331; baseline 0.005 -17"><span class='ocrx_word' id='word_1_174' title='bbox 88 2261 257 2331; x_wconf 85' lang='lat' dir='ltr'><strong>Paupertate</strong></span> <span class='ocrx_word' id='word_1_175' title='bbox 274 2279 374 2316; x_wconf 87' lang='lat' dir='ltr'><strong>omnes.</strong></span> <span class='ocrx_word' id='word_1_176' title='bbox 410 2262 483 2326; x_wconf 83' lang='lat' dir='ltr'><strong>Quid</strong></span> <span class='ocrx_word' id='word_1_177' title='bbox 499 2265 529 2316; x_wconf 88' lang='lat' dir='ltr'><strong>te</strong></span> <span class='ocrx_word' id='word_1_178' title='bbox 546 2263 656 2316; x_wconf 79' lang='lat' dir='ltr'><strong>moroni</strong></span> <span class='ocrx_word' id='word_1_179' title='bbox 693 2260 792 2316; x_wconf 90' lang='lat' dir='ltr'><strong>Omnia</strong></span> <span class='ocrx_word' id='word_1_180' title='bbox 810 2262 915 2318; x_wconf 68' lang='lat' dir='ltr'><strong>Romm</strong></span> 
     </span>
     <span class='ocr_line' id='line_1_29' title="bbox 89 2337 926 2408; baseline 0.002 -16"><span class='ocrx_word' id='word_1_181' title='bbox 89 2337 157 2392; x_wconf 80' lang='lat' dir='ltr'><strong>(lum</strong></span> <span class='ocrx_word' id='word_1_182' title='bbox 174 2338 270 2408; x_wconf 89' lang='lat' dir='ltr'><strong>pretio.</strong></span> <span class='ocrx_word' id='word_1_183' title='bbox 305 2339 379 2403; x_wconf 83' lang='lat' dir='ltr'><strong>Quid</strong></span> <span class='ocrx_word' id='word_1_184' title='bbox 396 2338 445 2392; x_wconf 89' lang='lat' dir='ltr'><strong>das</strong></span> <span class='ocrx_word' id='word_1_185' title='bbox 462 2342 495 2391; x_wconf 91' lang='lat' dir='ltr'><strong>ut</strong></span> <span class='ocrx_word' id='word_1_186' title='bbox 512 2338 625 2392; x_wconf 77' lang='lat' dir='ltr'><strong>Cossum</strong></span> <span class='ocrx_word' id='word_1_187' title='bbox 642 2337 788 2405; x_wconf 87' lang='lat' dir='ltr'><strong>aliquando</strong></span> <span class='ocrx_word' id='word_1_188' title='bbox 805 2339 926 2394; x_wconf 88' lang='lat' dir='ltr'><strong>salutesl</strong></span> 
     </span>
     <span class='ocr_line' id='line_1_30' title="bbox 81 2413 937 2488; baseline 0.001 -20"><span class='ocrx_word' id='word_1_189' title='bbox 81 2413 128 2468; x_wconf 90' lang='lat' dir='ltr'><strong>·Ut</strong></span> <span class='ocrx_word' id='word_1_190' title='bbox 145 2418 174 2468; x_wconf 89' lang='lat' dir='ltr'><strong>te</strong></span> <span class='ocrx_word' id='word_1_191' title='bbox 191 2414 319 2484; x_wconf 84' lang='lat' dir='ltr'><strong>respiciat</strong></span> <span class='ocrx_word' id='word_1_192' title='bbox 336 2415 426 2488; x_wconf 83' lang='lat' dir='ltr'><strong>clauso</strong></span> <span class='ocrx_word' id='word_1_193' title='bbox 444 2415 562 2469; x_wconf 89' lang='lat' dir='ltr'><strong>Veiento</strong></span> <span class='ocrx_word' id='word_1_194' title='bbox 578 2413 697 2469; x_wconf 87' lang='lat' dir='ltr'><strong>labellol</strong></span> <span class='ocrx_word' id='word_1_195' title='bbox 901 2432 937 2469; x_wconf 82' lang='lat' dir='ltr'><strong>1sa</strong></span> 
     </span>
     <span class='ocr_line' id='line_1_31' title="bbox 88 2490 810 2559; baseline 0.001 -16"><span class='ocrx_word' id='word_1_196' title='bbox 88 2490 140 2545; x_wconf 91' lang='lat' dir='ltr'><strong>Ille</strong></span> <span class='ocrx_word' id='word_1_197' title='bbox 157 2490 238 2546; x_wconf 89' lang='lat' dir='ltr'><strong>metit</strong></span> <span class='ocrx_word' id='word_1_198' title='bbox 254 2490 374 2555; x_wconf 87' lang='lat' dir='ltr'><strong>barbam,</strong></span> <span class='ocrx_word' id='word_1_199' title='bbox 394 2491 495 2545; x_wconf 84' lang='lat' dir='ltr'><strong>crinem</strong></span> <span class='ocrx_word' id='word_1_200' title='bbox 513 2491 557 2544; x_wconf 88' lang='lat' dir='ltr'><strong>hie</strong></span> <span class='ocrx_word' id='word_1_201' title='bbox 576 2490 690 2559; x_wconf 89' lang='lat' dir='ltr'><strong>deponit</strong></span> <span class='ocrx_word' id='word_1_202' title='bbox 707 2490 810 2555; x_wconf 89' lang='lat' dir='ltr'><strong>amati;</strong></span> 
     </span>
    </p>

    <p class='ocr_par' dir='ltr' id='par_1_12' title="bbox 87 2565 850 2791">
     <span class='ocr_line' id='line_1_32' title="bbox 87 2565 810 2635; baseline 0.001 -16"><span class='ocrx_word' id='word_1_203' title='bbox 87 2565 172 2621; x_wconf 87' lang='lat' dir='ltr'><strong>Plena</strong></span> <span class='ocrx_word' id='word_1_204' title='bbox 190 2566 286 2621; x_wconf 89' lang='lat' dir='ltr'><strong>domus</strong></span> <span class='ocrx_word' id='word_1_205' title='bbox 302 2567 364 2621; x_wconf 89' lang='lat' dir='ltr'><strong>libis</strong></span> <span class='ocrx_word' id='word_1_206' title='bbox 381 2568 535 2622; x_wconf 83' lang='lat' dir='ltr'><strong>venalibus!</strong></span> <span class='ocrx_word' id='word_1_207' title='bbox 568 2567 670 2635; x_wconf 82' lang='lat' dir='ltr'><strong>Aeoipe</strong></span> <span class='ocrx_word' id='word_1_208' title='bbox 688 2569 717 2621; x_wconf 91' lang='lat' dir='ltr'><strong>et</strong></span> <span class='ocrx_word' id='word_1_209' title='bbox 734 2566 810 2620; x_wconf 89' lang='lat' dir='ltr'><strong>istud</strong></span> 
     </span>
     <span class='ocr_line' id='line_1_33' title="bbox 87 2641 850 2713; baseline 0.001 -17"><span class='ocrx_word' id='word_1_210' title='bbox 87 2641 263 2700; x_wconf 82' lang='lat' dir='ltr'><strong>Fermentum</strong></span> <span class='ocrx_word' id='word_1_211' title='bbox 280 2644 332 2698; x_wconf 88' lang='lat' dir='ltr'><strong>tibi</strong></span> <span class='ocrx_word' id='word_1_212' title='bbox 348 2643 434 2698; x_wconf 92' lang='lat' dir='ltr'><strong>habe:</strong></span> <span class='ocrx_word' id='word_1_213' title='bbox 457 2646 598 2713; x_wconf 82' lang='lat' dir='ltr'><strong>praestare</strong></span> <span class='ocrx_word' id='word_1_214' title='bbox 614 2642 721 2698; x_wconf 87' lang='lat' dir='ltr'><strong>tributa</strong></span> <span class='ocrx_word' id='word_1_215' title='bbox 737 2643 850 2698; x_wconf 83' lang='lat' dir='ltr'><strong>clientes</strong></span> 
     </span>
     <span class='ocr_line' id='line_1_34' title="bbox 87 2719 711 2791; baseline 0.002 -18"><span class='ocrx_word' id='word_1_216' title='bbox 87 2719 216 2788; x_wconf 80' lang='lat' dir='ltr'><strong>Cogimur</strong></span> <span class='ocrx_word' id='word_1_217' title='bbox 232 2723 261 2774; x_wconf 90' lang='lat' dir='ltr'><strong>et</strong></span> <span class='ocrx_word' id='word_1_218' title='bbox 279 2720 360 2775; x_wconf 87' lang='lat' dir='ltr'><strong>eultis</strong></span> <span class='ocrx_word' id='word_1_219' title='bbox 377 2737 477 2789; x_wconf 82' lang='lat' dir='ltr'><strong>augere</strong></span> <span class='ocrx_word' id='word_1_220' title='bbox 495 2720 602 2791; x_wconf 80' lang='lat' dir='ltr'><strong>poemia</strong></span> <span class='ocrx_word' id='word_1_221' title='bbox 619 2721 711 2774; x_wconf 84' lang='lat' dir='ltr'><strong>servis.</strong></span> 
     </span>
    </p>

    <p class='ocr_par' dir='ltr' id='par_1_13' title="bbox 85 2796 936 3081">
     <span class='ocr_line' id='line_1_35' title="bbox 121 2796 936 2866; baseline 0.002 -16"><span class='ocrx_word' id='word_1_222' title='bbox 121 2796 186 2861; x_wconf 83' lang='lat' dir='ltr'><strong>Quis</strong></span> <span class='ocrx_word' id='word_1_223' title='bbox 204 2797 284 2851; x_wconf 90' lang='lat' dir='ltr'><strong>timet</strong></span> <span class='ocrx_word' id='word_1_224' title='bbox 301 2801 350 2851; x_wconf 90' lang='lat' dir='ltr'><strong>aut</strong></span> <span class='ocrx_word' id='word_1_225' title='bbox 366 2797 459 2851; x_wconf 90' lang='lat' dir='ltr'><strong>timuit</strong></span> <span class='ocrx_word' id='word_1_226' title='bbox 477 2797 568 2865; x_wconf 85' lang='lat' dir='ltr'><strong>gelida</strong></span> <span class='ocrx_word' id='word_1_227' title='bbox 585 2797 734 2851; x_wconf 88' lang='lat' dir='ltr'><strong>Praeneste</strong></span> <span class='ocrx_word' id='word_1_228' title='bbox 751 2798 865 2866; x_wconf 87' lang='lat' dir='ltr'><strong>ruinam,</strong></span> <span class='ocrx_word' id='word_1_229' title='bbox 887 2813 936 2852; x_wconf 79' lang='lat' dir='ltr'><strong>-rao</strong></span> 
     </span>
     <span class='ocr_line' id='line_1_36' title="bbox 86 2872 809 2942; baseline 0.006 -18"><span class='ocrx_word' id='word_1_230' title='bbox 86 2872 145 2926; x_wconf 88' lang='lat' dir='ltr'><strong>Aut</strong></span> <span class='ocrx_word' id='word_1_231' title='bbox 162 2873 258 2940; x_wconf 88' lang='lat' dir='ltr'><strong>positis</strong></span> <span class='ocrx_word' id='word_1_232' title='bbox 274 2889 417 2927; x_wconf 89' lang='lat' dir='ltr'><strong>nemorosa</strong></span> <span class='ocrx_word' id='word_1_233' title='bbox 433 2875 507 2928; x_wconf 87' lang='lat' dir='ltr'><strong>inter</strong></span> <span class='ocrx_word' id='word_1_234' title='bbox 519 2873 589 2942; x_wconf 85' lang='lat' dir='ltr'><strong>juga</strong></span> <span class='ocrx_word' id='word_1_235' title='bbox 605 2873 742 2941; x_wconf 88' lang='lat' dir='ltr'><strong>Volsiniis,</strong></span> <span class='ocrx_word' id='word_1_236' title='bbox 760 2878 809 2928; x_wconf 90' lang='lat' dir='ltr'><strong>aut</strong></span> 
     </span>
     <span class='ocr_line' id='line_1_37' title="bbox 86 2947 765 3019; baseline 0.006 -18"><span class='ocrx_word' id='word_1_237' title='bbox 86 2947 258 3016; x_wconf 82' lang='lat' dir='ltr'><strong>Simplieibus</strong></span> <span class='ocrx_word' id='word_1_238' title='bbox 277 2949 379 3018; x_wconf 82' lang='lat' dir='ltr'><strong>Gabiis,</strong></span> <span class='ocrx_word' id='word_1_239' title='bbox 398 2953 446 3003; x_wconf 90' lang='lat' dir='ltr'><strong>aut</strong></span> <span class='ocrx_word' id='word_1_240' title='bbox 463 2951 541 3019; x_wconf 92' lang='lat' dir='ltr'><strong>proni</strong></span> <span class='ocrx_word' id='word_1_241' title='bbox 561 2951 668 3004; x_wconf 79' lang='lat' dir='ltr'><strong>Tiburis</strong></span> <span class='ocrx_word' id='word_1_242' title='bbox 686 2952 765 3006; x_wconf 83' lang='lat' dir='ltr'><strong>aroel</strong></span> 
     </span>
     <span class='ocr_line' id='line_1_38' title="bbox 85 3023 720 3081; baseline 0.006 -5"><span class='ocrx_word' id='word_1_243' title='bbox 85 3023 111 3076; x_wconf 91' lang='lat' dir='ltr'>N</span> <span class='ocrx_word' id='word_1_244' title='bbox 113 3040 143 3077; x_wconf 88' lang='lat' dir='ltr'><strong>os</strong></span> <span class='ocrx_word' id='word_1_245' title='bbox 160 3023 254 3078; x_wconf 92' lang='lat' dir='ltr'><strong>urbem</strong></span> <span class='ocrx_word' id='word_1_246' title='bbox 272 3025 385 3079; x_wconf 81' lang='lat' dir='ltr'><strong>colimus</strong></span> <span class='ocrx_word' id='word_1_247' title='bbox 401 3026 477 3079; x_wconf 90' lang='lat' dir='ltr'><strong>tenui</strong></span> <span class='ocrx_word' id='word_1_248' title='bbox 494 3027 605 3081; x_wconf 80' lang='lat' dir='ltr'><strong>tibicine</strong></span> <span class='ocrx_word' id='word_1_249' title='bbox 622 3026 720 3080; x_wconf 84' lang='lat' dir='ltr'><strong>fultam</strong></span> 
     </span>
    </p>
   </div>
   <div class='ocr_carea' id='block_1_3' title="bbox 68 3098 790 3162">
    <p class='ocr_par' dir='ltr' id='par_1_14' title="bbox 68 3098 790 3162">
     <span class='ocr_line' id='line_1_39' title="bbox 68 3098 790 3162; baseline 0.001 -6"><span class='ocrx_word' id='word_1_250' title='bbox 68 3098 176 3156; x_wconf 54' lang='lat' dir='ltr'><strong>Mesua</strong></span> <span class='ocrx_word' id='word_1_251' title='bbox 189 3105 276 3162; x_wconf 75' lang='lat' dir='ltr'><strong>parte</strong></span> <span class='ocrx_word' id='word_1_252' title='bbox 291 3103 342 3155; x_wconf 84' lang='lat' dir='ltr'><strong>sui.</strong></span> <span class='ocrx_word' id='word_1_253' title='bbox 377 3102 451 3156; x_wconf 85' lang='lat' dir='ltr'><strong>Nam</strong></span> <span class='ocrx_word' id='word_1_254' title='bbox 469 3104 509 3158; x_wconf 90' lang='lat' dir='ltr'><strong>sio</strong></span> <span class='ocrx_word' id='word_1_255' title='bbox 526 3102 679 3157; x_wconf 88' lang='lat' dir='ltr'><strong>labentibus</strong></span> <span class='ocrx_word' id='word_1_256' title='bbox 697 3102 790 3157; x_wconf 86' lang='lat' dir='ltr'><strong>obstat</strong></span> 
     </span>
    </p>
   </div>
   <div class='ocr_carea' id='block_1_4' title="bbox 61 3159 942 3249">
    <p class='ocr_par' dir='ltr' id='par_1_15' title="bbox 61 3159 942 3249">
     <span class='ocr_line' id='line_1_40' title="bbox 61 3159 942 3249; baseline 0.01 -28"><span class='ocrx_word' id='word_1_257' title='bbox 61 3159 176 3216; x_wconf 73' lang='lat' dir='ltr'><strong>Wll&#39;eus</strong></span> <span class='ocrx_word' id='word_1_258' title='bbox 192 3175 226 3222; x_wconf 80' lang='lat' dir='ltr'><strong>et</strong></span> <span class='ocrx_word' id='word_1_259' title='bbox 246 3177 350 3231; x_wconf 74' lang='lat' dir='ltr'><strong>veteris</strong></span> <span class='ocrx_word' id='word_1_260' title='bbox 367 3179 460 3234; x_wconf 72' lang='lat' dir='ltr'><strong>minae</strong></span> <span class='ocrx_word' id='word_1_261' title='bbox 479 3181 608 3237; x_wconf 83' lang='lat' dir='ltr'><strong>contexit</strong></span> <span class='ocrx_word' id='word_1_262' title='bbox 625 3179 744 3249; x_wconf 85' lang='lat' dir='ltr'><strong>hiatum,</strong></span> <span class='ocrx_word' id='word_1_263' title='bbox 905 3192 942 3231; x_wconf 76' lang='lat' dir='ltr'><strong>aa</strong></span> 
     </span>
    </p>
   </div>
   <div class='ocr_carea' id='block_1_5' title="bbox 45 3223 713 3323">
    <p class='ocr_par' dir='ltr' id='par_1_16' title="bbox 45 3223 713 3323">
     <span class='ocr_line' id='line_1_41' title="bbox 45 3223 713 3323; baseline 0.081 -50"><span class='ocrx_word' id='word_1_264' title='bbox 45 3223 159 3285; x_wconf 65' lang='lat' dir='ltr'><strong>lecuras</strong></span> <span class='ocrx_word' id='word_1_265' title='bbox 173 3245 333 3306; x_wconf 79' lang='lat' dir='ltr'><strong>pendente</strong></span> <span class='ocrx_word' id='word_1_266' title='bbox 347 3253 442 3323; x_wconf 81' lang='lat' dir='ltr'><strong>jubet</strong></span> <span class='ocrx_word' id='word_1_267' title='bbox 460 3259 596 3317; x_wconf 59' lang='lat' dir='ltr'><strong>&gt;dormire</strong></span> <span class='ocrx_word' id='word_1_268' title='bbox 619 3259 713 3315; x_wconf 61' lang='lat' dir='ltr'><strong>mm·</strong></span> 
     </span>
    </p>
   </div>
   <div class='ocr_carea' id='block_1_6' title="bbox 0 0 1024 3510">
    <p class='ocr_par' dir='ltr' id='par_1_17' title="bbox 0 0 1024 3510">
     <span class='ocr_line' id='line_1_42' title="bbox 0 0 1024 3510; baseline 0 2"><span class='ocrx_word' id='word_1_269' title='bbox 0 0 1024 3510; x_wconf 95' lang='lat' dir='ltr'><strong> </strong></span> 
     </span>
    </p>
   </div>
  </div>
 </body>
</html>
