2018 3578
401 185 534 234 SATIRA
550 185 600 236 VI.
896 185 926 233 37

78 273 189 344 Excipit
207 274 242 329 ad
262 272 369 344 portas3
388 274 519 342 quosdam
537 275 603 328 facit
619 273 675 329 isse
691 273 831 344 Niphaten
920 327 922 334 ,

78 352 112 405 In
130 352 243 421 populos
261 366 413 418 magnoque
431 351 485 404 illic
503 355 600 405 cuncta
616 368 680 404 arva
700 351 789 406 teneri
892 364 928 406 410

77 427 201 492 Diluvi03
218 430 317 480 nutare
334 427 423 491 urbes,
443 427 583 480 subsidere
601 431 697 494 terras,

78 497 244 565 Quocunque
261 497 289 549 in
306 495 394 562 trivio,
413 496 564 564 cuicunque
583 501 624 550 cst
642 495 728 562 obvia,
746 499 847 550 narrat.

111 574 137 626 N
139 590 171 627 ec
188 578 281 627 tamen
298 572 328 625 id
346 573 443 626 vitium
461 573 547 639 magis
564 572 734 626 intolerabile
751 584 833 642 quam
857 589 928 642 quac

77 649 188 703 Vicinos
205 649 321 702 humiles
339 665 437 717 rapere
455 652 484 702 et
500 649 642 703 concidere
659 649 723 703 loris

77 725 198 780 Exorata
213 726 290 780 solet.
325 726 395 778 Nam
415 726 437 779 si
455 724 600 779 latratibus
618 726 667 779 alti
891 740 927 779 415

70 802 253 876 ¹Rurnpuntur
270 802 365 868 somni,
385 802 505 856 “Eustes
524 801 577 855 huc
597 802 695 869 ocius,''
710 803 808 871 inquit,

77 878 230 946 “Afferte‚”
247 881 332 946 atque
349 878 402 931 illis
420 878 560 931 dominum
573 877 655 945 jubet
672 882 737 932 ante
753 879 835 946 feriri,

77 953 185 1007 Deinde
202 970 304 1019 canem,
322 954 412 1021 gravis
430 970 551 1022 occursu,
568 954 710 1008 teterrima
727 955 812 1008 vultu.

77 1029 180 1084 Balnea
197 1034 277 1085 nocte
294 1029 384 1095 subit;
401 1030 517 1084 conchas
535 1034 564 1084 et
580 1035 669 1085 castra
686 1031 789 1085 moveri

77 1106 103 1159 N
105 1110 166 1161 octe
179 1106 276 1175 jubet3
294 1123 393 1174 magno
409 1106 513 1175 gaudet
531 1107 631 1161 sudare
648 1108 774 1161 tumultu.
891 1123 927 1162 sao

77 1183 166 1248 Quum
183 1185 284 1238 lassata
301 1185 376 1252 gravi
392 1183 549 1238 ceciderunt
566 1184 677 1238 brachia
694 1201 789 1252 massa,

77 1260 199 1315 Callidus
217 1264 246 1316 et
264 1262 362 1316 cristae
382 1261 483 1329 digitos
501 1261 639 1330 impressit
657 1262 755 1329 aliptes

76 1339 119 1391 Ac
136 1354 271 1392 summum
290 1337 417 1391 dominae
434 1338 523 1391 femur
541 1338 695 1392 exclamare
712 1338 809 1407 coegit,

75 1413 221 1475 (Convivae
239 1413 331 1467 miseri
348 1414 454 1467 interea
472 1429 621 1481 somnoque
638 1415 764 1484 fameque

74 1489 224 1557 Urgentur)
242 1489 354 1543 tandem
372 1490 419 1542 illa
435 1490 510 1543 venit
527 1489 713 1554 rubicundula
733 1495 823 1544 totum
890 1506 927 1545 425

76 1566 266 1635 Oenophorum
285 1567 386 1633 sitiens,
406 1566 488 1635 plena
505 1566 579 1634 quod
596 1566 720 1621 tenditur
736 1583 805 1620 urna

77 1641 227 1696 Admotum
246 1642 369 1710 pedibus,
388 1642 424 1694 dc
442 1658 495 1709 quo
513 1642 647 1695 sextarius
665 1642 735 1695 alter

76 1717 192 1771 Ducitur
208 1721 273 1770 ante
291 1717 389 1786 cibum,
406 1717 530 1770 rabidam
547 1717 668 1771 facturus
688 1719 788 1786 orexin,

76 1793 149 1847 Dum
166 1794 239 1848 redit
257 1796 286 1848 et
302 1794 359 1847 loto
376 1797 477 1848 terram
493 1793 558 1847 ferit
580 1794 718 1848 intestino.

76 1870 256 1924 Marmoribus
273 1870 324 1924 rivi
341 1873 497 1939 properant,
516 1873 611 1923 aurata
636 1870 782 1926 Falernum
821 1882 825 1889 '
889 1887 925 1927 mo

77 1946 166 2000 Pelris
183 1947 252 2002 olet:
271 1964 333 2001 uam
351 1948 395 2013 sic,
414 1951 546 2015 tanquam
569 1947 626 2001 alta
644 1947 673 2000 in
691 1946 763 2001 dolia
780 1949 876 2017 longus

76 2022 216 2077 Deciderit
233 2040 352 2092 serpens,
370 2023 442 2077 bibit
459 2027 489 2077 ot
505 2022 598 2076 vomit.
635 2025 708 2091 Ergo
725 2024 836 2078 maritus

74 2099 101 2153 N
103 2104 197 2154 auseat
214 2104 298 2168 atque
315 2100 398 2153 oeulis
416 2099 499 2155 bilem
517 2099 678 2167 substringit
696 2099 806 2169 opertis.

111 2175 164 2229 Illa
181 2180 272 2230 tamen
291 2176 406 2244 gravior,
423 2192 495 2245 quae
512 2193 597 2244 quum
615 2176 786 2230 discumbere
802 2178 893 2246 coepit

75 2253 183 2306 Laudat
201 2253 353 2321 Virgilium,
372 2252 512 2322 periturae
529 2252 646 2320 ignoscit
664 2253 773 2318 Elissae,
888 2269 924 2306 aas

75 2329 230 2383 Committit
247 2333 322 2382 vates
340 2333 369 2383 et
387 2330 542 2398 comparat3
559 2328 623 2381 inde
645 2329 785 2384 Maronem

75 2409 170 2474 Atque
188 2406 241 2459 alia
257 2408 337 2473 parte
354 2405 383 2458 in
400 2405 506 2459 trutina
522 2402 666 2472 suspendit
686 2404 842 2459 Homerum.

75 2482 185 2537 Cedunt
202 2481 378 2550 grammatici,
396 2481 541 2535 vincuntur
558 2480 690 2545 rhetores,
708 2481 795 2534 omnis

72 2558 166 2613 'llurba
183 2561 269 2611 tacet:
293 2574 342 2610 nec
362 2557 514 2611 causidicus
531 2573 581 2610 nec
598 2572 696 2625 praeco
713 2556 845 2625 loquatur,

74 2636 173 2689 Altera
189 2651 240 2688 nec
257 2633 369 2688 mulier:
387 2633 531 2688 verborum
549 2636 627 2686 tanta
641 2632 716 2687 cadit
730 2633 785 2699 vis3
887 2648 924 2688 sco

74 2712 125 2765 Tot
142 2710 248 2780 pariter
265 2710 364 2778 pelves,
383 2711 426 2763 tot
443 2709 625 2763 tintinnabula
642 2709 717 2763 dicas

75 2787 186 2841 Pulsari.
223 2786 243 2839 J
245 2803 289 2840 am
306 2802 386 2839 nemo
403 2785 491 2852 tubas,
508 2802 588 2839 nemo
606 2802 670 2839 sera
687 2786 801 2854 fatiget:

74 2862 137 2916 Una
154 2863 288 2917 laboranti
306 2862 409 2931 poterit
426 2878 582 2916 succrurere
600 2862 701 2916 Lunae.

75 2939 196 3008 Imponit
212 2938 295 2992 finem
313 2939 419 3008 sapiens
437 2940 467 2992 et
483 2937 565 2991 rebus
588 2937 716 2992 honestis.

74 3014 146 3068 Nam
164 3031 235 3083 quae
252 3015 334 3070 docta
351 3015 430 3068 nimis
448 3015 524 3082 eupit
542 3017 571 3068 et
588 3014 704 3067 facunda
719 3013 806 3068 videri
886 3033 922 3072 aar

74 3091 161 3146 Grure
178 3096 258 3146 tenus
275 3091 365 3145 medio
383 3091 488 3145 trmicas
506 3091 663 3157 succingere
681 3090 781 3152 debet,

74 3167 197 3222 (laedere
214 3167 323 3222 Silvano
339 3184 464 3238 porcum,
483 3167 647 3237 quadrante
662 3163 774 3216 lauari.
826 3227 833 3237 ἱ

68 3244 131 3298 Non
146 3243 250 3300 babeat
267 3249 398 3302 matrona
409 3245 468 3303 tibi
487 3261 566 3317 quae
581 3241 691 3312 tunebr-
704 3227 864 3287 tssffiffi
