2040 3510
335 188 337 193 “
415 182 550 232 SATIRA
566 180 616 230 XI.
911 185 942 232 69

89 272 222 330 Nonnisi
240 272 362 344 legitime
379 272 439 327 vult
457 271 566 327 nubere
603 271 676 338 Quid
694 269 801 340 placeat
820 269 877 326 dic:

88 350 126 404 Ni
143 367 241 421 parere
259 351 327 408 velis
346 349 515 419 pereundum
532 349 587 404 erit
604 352 669 402 ante
687 347 826 402 lucernas:

87 426 118 482 si
134 427 221 481 scelus
237 426 368 480 admittas
385 425 496 479 dabitur
513 442 589 478 mora
605 424 727 493 parvula,
745 423 811 477 dum
827 441 873 480 res
907 439 944 479 aco

88 502 165 557 Nota
181 503 252 557 Urbi
270 506 299 557 et
316 502 417 571 populo
434 502 575 568 contingat
594 500 728 569 Principis
746 516 834 554 aures.

89 582 216 638 Dedecus
235 583 280 637 ille
298 583 395 636 domus
413 582 481 636 sciet
499 581 625 635 ultimus:
648 581 755 635 interea
773 584 805 636 tu

89 658 249 728 Obsequere
267 660 396 729 imperio;
420 659 456 713 sit
474 658 545 712 tanti
565 658 622 712 vita
640 657 748 711 dierum

89 735 251 790 Paucorum.
288 736 426 807 Quidquid
444 736 541 790 melius
558 735 697 804 leviusque
715 736 828 803 putaris,

90 810 254 867 Praebenda
265 817 308 868 est
318 814 409 882 gladio
421 810 516 880 pulcra
527 811 595 865 haec
607 815 636 865 et
648 811 764 865 candida
776 813 875 867 ceruix.
906 829 942 868 aas

123 887 171 942 Nil
190 905 255 957 ergo
275 889 408 958 optabunt
427 889 566 942 hominesi
602 888 631 941 Si
650 887 790 942 consilium
809 889 857 958 ris,

89 964 237 1020 Permittes
255 966 319 1035 ipsis
337 965 492 1035 expendere
509 966 667 1019 numinibus
685 965 753 1034 quid

89 1041 241 1096 Conveniat
258 1044 335 1097 nobis
352 1043 488 1112 rebusque
506 1043 542 1098 sit
559 1044 629 1097 utile
645 1042 754 1097 nostris.

88 1116 161 1172 Nam
177 1135 229 1189 pro
245 1119 375 1188 jucundis
393 1120 535 1189 aptissima
552 1136 677 1189 quaeque
694 1119 800 1175 dabunt
818 1119 854 1174 di.

88 1192 186 1248 Oarion
203 1198 247 1249 est
263 1195 316 1249 illis
333 1196 414 1250 homo
432 1212 514 1266 quam
532 1196 589 1250 sibi
627 1197 653 1250 N
655 1213 685 1250 os
703 1196 854 1250 animorum
905 1211 942 1250 auo

89 1268 214 1339 Impulsu
230 1275 259 1326 et
276 1287 356 1325 caeca
373 1288 527 1341 magnaque
545 1272 673 1341 cupidine
691 1271 769 1326 ducti

89 1346 253 1416 eonjugium
270 1349 389 1418 petimus
406 1353 571 1418 partumque
588 1349 694 1404 uxoris:
718 1352 748 1403 ot
764 1347 819 1402 illis

88 1422 193 1478 Notum
212 1425 260 1494 qui
279 1425 356 1494 pueri
376 1424 517 1494 qualisque
534 1425 629 1478 futura
646 1425 685 1480 sit
702 1441 778 1479 uxor.

87 1497 130 1553 Ut
148 1503 242 1554 tamen
260 1504 289 1554 et
307 1517 402 1571 poscas
420 1500 524 1570 aliquid
541 1516 693 1568 voveasque
710 1501 816 1556 sacellis

88 1574 162 1630 Exta
179 1579 209 1630 et
227 1576 364 1630 candiduli
383 1576 475 1630 divina
494 1577 630 1630 tomacula
650 1577 731 1645 porci,
905 1591 941 1630 sss

88 1650 230 1706 Orandum
248 1656 291 1708 est
309 1657 341 1708 ut
359 1654 395 1709 sit
413 1669 491 1707 mens
509 1668 576 1705 sana
594 1653 622 1704 in
642 1668 754 1721 corpore
773 1669 847 1710 sano.

89 1726 202 1783 Fortem
220 1745 301 1798 posce
319 1729 446 1796 animum,
464 1727 560 1783 mortis
578 1731 684 1782 terrore
702 1733 849 1796 carentem,

89 1803 142 1869 Qui
161 1807 279 1874 spatium
297 1806 370 1859 vitae
389 1811 543 1860 extremum
562 1805 635 1860 inter
653 1820 765 1858 munera
782 1809 866 1873 ponat

88 1878 218 1948 Naturae,
238 1881 285 1950 qui
302 1882 374 1934 ferre
392 1885 476 1950 queat
494 1897 668 1950 quoscunque
687 1879 801 1947 labores,

88 1954 200 2011 Nesciat
218 1957 307 2025 irasci,
327 1957 419 2026 cupiat
437 1957 512 2024 nihil,
532 1960 562 2011 et
580 1957 701 2026 potiores
903 1972 940 2011 em

88 2031 215 2086 Herculis
234 2048 378 2088 aerumnas
397 2032 492 2086 credat
512 2048 661 2101 saevosque
679 2032 786 2087 labores

87 2107 126 2162 Lu
144 2108 252 2163 Venere
271 2112 301 2162 et
318 2108 407 2162 coenis
425 2111 456 2161 et
472 2108 566 2176 pluma
585 2108 770 2177 Sardanapali.

88 2182 211 2238 Monstro
230 2184 305 2254 quod
322 2185 380 2253 ipse
399 2184 450 2239 tibi
468 2185 556 2255 possis
575 2185 655 2239 dare:
679 2185 777 2239 semita
794 2189 870 2242 certe

88 2258 260 2330 Tranquillas
279 2278 329 2330 per
346 2261 478 2314 virtutem
495 2264 572 2329 patet
589 2261 669 2314 unica
685 2260 765 2314 ritae

87 2334 200 2389 Nullum
218 2352 318 2390 numen
336 2337 415 2391 obest
434 2336 458 2390 si
476 2337 514 2390 sit
532 2336 694 2392 Prudentia:
718 2353 767 2390 nos
785 2340 821 2405 te,
902 2355 939 2395 sos

87 2410 146 2465 Nos
161 2411 283 2481 iacimus,
302 2411 431 2481 Fortuna,
450 2412 531 2467 deam
549 2412 678 2482 caeloque
695 2412 823 2467 locamus.

402 2711 546 2767 SATIRA
565 2712 616 2767 XI.

89 2854 213 2913 Aculeus
228 2858 329 2914 eximie
345 2859 369 2914 si
387 2865 484 2916 coenat
502 2861 593 2916 lautus
610 2861 735 2931 habetur,

89 2931 119 2986 si
136 2932 247 2989 Rutilus
263 2933 384 2991 demens.
420 2937 493 3002 Quid
510 2937 583 2992 enim
599 2937 705 3007 majore
722 2937 856 2995 cachinno

89 3007 233 3078 Excipitur
249 3009 324 3078 vulgi
342 3028 424 3080 quarn
442 3030 547 3084 pauper
564 3015 697 3084 Apicius?
733 3014 829 3071 Omnis

89 3084 241 3151 Convictus,
256 3084 390 3158 thermae,
408 3090 552 3158 stationes,
568 3106 653 3145 omne
666 3091 820 3144 tuentium

83 3160 128 3214 De
144 3158 249 3217 Romo.
282 3163 359 3221 Nam
378 3167 449 3224 dum
465 3167 566 3225 raiiua
582 3183 619 3222 aa
632 3163 787 3236 'aureuma
798 3156 941 3209 noemm-
958 3162 985 3192 ἢ

74 3233 224 3295 simeone
238 3239 340 3309 meae
360 3245 496 3321 dumque
514 3247 630 3303 aroana
645 3237 808 3307 sanguina,
820 3229 924 3279 ‘aarum
