2040 3510
91 177 122 227 oo
321 173 708 225 commonueritis
780 149 782 154 ’
866 230 871 249 ¹

90 265 179 321 Fehre
197 266 269 321 calet
288 265 359 330 sola;
381 263 539 319 circumsilit
556 264 666 332 agmine
684 264 756 320 facto

88 341 248 396 Morborum
260 357 339 395 omne
351 355 451 408 genus;
475 356 590 408 quorum
603 340 626 393 si
637 340 746 396 nomina
757 358 878 410 quaeras,

89 417 228 472 Promtius
239 416 384 485 expediam
396 418 464 483 quot
476 416 607 470 amaverit
621 416 725 486 Hippia
736 418 868 487 moechos,
903 433 940 475 ano

89 493 163 558 Quot
181 493 325 547 Themison
344 508 440 560 aegros
458 496 589 546 autumno
607 492 738 548 occiderit
755 511 817 562 uno,

89 571 162 636 Quot
181 569 289 626 Basilus
308 567 402 637 socios,
420 572 487 636 quot
504 568 747 638 circumscripserit
766 571 866 626 Hirrus

89 646 217 717 Pupillos‚
237 649 305 714 quot
323 645 404 714 longa
421 645 493 699 viros
512 645 656 700 exsorbeat
675 663 728 700 uno

88 723 186 777 Maura
204 722 257 789 die,
276 724 344 790 quot
363 721 509 790 discipulos
527 721 638 776 inclinet
658 723 810 790 Hamillus;

89 799 250 854 Percurram
271 798 350 852 citius
370 801 439 866 quot
456 797 534 851 villas
551 797 691 866 possideat
709 815 780 854 nunc
903 815 940 856 aas

90 876 148 940 Quo
167 875 299 929 tondente
317 873 408 942 gravis
421 872 517 942 juveni
534 873 600 927 mihi
618 873 705 928 barba
723 877 843 932 sonabat.

89 951 141 1006 Ille
160 951 281 1019 humero,
302 949 346 1004 hic
365 948 472 1017 lumbis,
490 949 535 1003 hic
558 966 625 1004 coxa
645 949 758 1018 debilis;
781 953 875 1009 ambos

89 1026 214 1083 Perdidit
232 1026 278 1080 ille
299 1026 389 1080 oculos
408 1028 437 1079 et
455 1025 537 1080 luscis
557 1025 676 1093 invidet;
698 1027 779 1096 hujus

89 1103 194 1158 Pallida
212 1102 289 1157 labra
308 1102 399 1155 cibum
421 1101 557 1172 accipiunt
578 1102 671 1171 digitis
689 1103 791 1158 alienis.

89 1181 153 1251 Ipse
171 1179 207 1233 ad
226 1181 402 1248 conspectum
423 1194 523 1232 coenae
542 1177 672 1234 diducere
691 1179 789 1233 rictum
904 1196 940 1237 rso

88 1257 188 1312 Suetus
205 1256 264 1309 hiat
282 1257 398 1321 tantum,
419 1270 469 1308 ceu
487 1254 577 1322 pullus
596 1253 749 1308 hirundinis
767 1255 804 1309 ad
822 1272 904 1325 quem

89 1333 144 1388 Ore
163 1333 235 1386 volat
253 1331 334 1400 pleno
353 1333 442 1384 mater
457 1329 560 1398 jejuna
598 1329 653 1385 Sed
674 1330 748 1384 omni

88 1409 274 1464 Membrorum
294 1407 393 1460 damno
412 1405 500 1474 major
518 1405 662 1481 dementia,
682 1423 752 1475 quae
770 1424 821 1462 nec

88 1485 206 1539 Nomina
225 1499 372 1550 servomm,
391 1497 442 1536 nec
460 1481 565 1537 vultum
586 1481 709 1550 agnoscit
726 1483 812 1552 amici,

89 1563 157 1617 (lum
179 1578 232 1630 qno
252 1558 404 1630 praeterita
421 1559 546 1614 coenavit
564 1564 652 1627 nocte,
672 1576 723 1616 nec
740 1560 801 1614 illos
903 1576 939 1616 aas

89 1640 162 1705 Quos
179 1638 282 1707 genuit,
301 1652 370 1705 quos
388 1635 491 1691 eduxit
528 1637 599 1690 Nam
618 1635 711 1691 codice
729 1653 809 1691 saevo

89 1715 214 1769 Heredes
233 1715 311 1769 vetat
330 1728 390 1766 esse
408 1727 486 1779 suos;
508 1711 580 1767 bona
598 1714 659 1766 tota
676 1713 804 1767 feruntur

89 1791 137 1846 Ad
156 1790 282 1845 Phialen:
303 1793 411 1843 tantum
431 1788 542 1844 artificis
560 1789 635 1842 valet
653 1789 753 1843 halitus
772 1790 832 1854 oris,

34 1924 36 1928 ,
89 1867 169 1932 Quod
186 1869 304 1921 steterat
321 1863 415 1918 multis
432 1864 461 1918 in
478 1881 587 1920 carcere
604 1864 714 1918 fornicis
731 1865 814 1919 annis.

88 1943 129 1999 Ut
147 1944 257 2011 vigeant
277 1957 371 1996 sensus
390 1940 480 2006 animi,
500 1940 625 1994 ducenda
642 1943 734 1994 tamen
753 1942 818 1994 sunt
903 1956 941 1996 240

89 2019 197 2075 Funera
214 2023 348 2083 natorum,
366 2033 448 2084 rogus
466 2015 637 2084 aspiciendus
655 2019 761 2069 amatae

90 2095 219 2164 Oonjugis
236 2098 266 2148 et
282 2093 375 2146 fratris
393 2091 545 2161 plenaeque
563 2090 700 2144 sororibus
715 2107 806 2145 urnae.

89 2172 166 2226 Haec
186 2171 251 2224 data
268 2185 357 2238 poena
375 2168 423 2221 diu
443 2167 603 2229 viventibus,
625 2169 657 2220 ut
675 2168 805 2221 renovata

89 2247 202 2316 Semper
220 2243 297 2299 clade
315 2243 412 2298 domus
432 2243 525 2297 multis
543 2243 572 2296 in
590 2241 709 2297 luc-tibus
729 2243 812 2312 inque

89 2324 226 2392 Perpetuo
244 2336 367 2374 moerore
385 2323 415 2373 et
431 2320 509 2388 nigra
526 2322 603 2373 veste
621 2322 768 2374 senescant
903 2335 939 2375 aas

90 2399 150 2453 Rex
173 2397 271 2466 Pyhus,
290 2411 388 2464 magno
407 2395 431 2451 si
450 2395 597 2464 quidquam
617 2396 707 2450 credis
725 2395 854 2465 Homero,

89 2474 251 2544 Exemplum
272 2472 345 2527 vitae
363 2471 416 2527 fuit
435 2489 451 2526 a
470 2471 575 2526 cornice
594 2472 737 2527 secundae.

90 2551 167 2605 Felix
186 2551 320 2618 nimirum,
338 2549 386 2618 qui
401 2553 445 2605 tot
462 2566 512 2619 per
529 2547 620 2603 secula
636 2552 751 2605 mortem

89 2627 203 2682 Distulit
220 2629 304 2695 atque
317 2641 384 2680 suos
397 2625 457 2695 jam
476 2626 574 2680 dextra
592 2629 732 2694 computat
748 2642 834 2680 annos

90 2705 195 2772 Quique
207 2718 306 2757 novum
318 2701 402 2756 toties
413 2705 534 2756 mustmn
546 2700 623 2756 bibit.
662 2700 717 2755 Oro
734 2717 881 2772 parumper
904 2716 941 2756 aso

90 2779 235 2847 Attendas‚
255 2781 387 2847 quantum
404 2778 440 2833 de
457 2777 562 2846 legibus
579 2777 638 2848 ipse
655 2781 785 2847 queratur

90 2856 219 2910 Fatorum
238 2858 267 2909 et
284 2853 367 2908 nimio
385 2855 422 2908 de
440 2853 562 2920 stamine,
581 2871 665 2923 quum
683 2853 758 2908 videt
774 2853 845 2908 acris

90 2932 228 2986 Antilochi
248 2931 361 2984 barbam
379 2931 536 2996 ardentem
559 2947 643 3000 quum
661 2928 919 2999 quaeritabam,

91 3008 219 3078 Quisquis
237 3007 495 3074 cassinensem
512 3007 579 3061 haec
595 3006 624 3060 in
641 3010 766 3076 tempora
783 3005 871 3074 duret,

80 3083 166 3141 Quod
178 3083 288 3136 lasciuus
305 3082 420 3152 dignum
438 3085 495 3138 tam
513 3084 593 3152 longo
610 3081 756 3152 admiserit
768 3082 850 3137 aevol
904 3096 944 3137 att

58 3149 146 3204 Haec
165 3156 268 3209 eedem
288 3159 402 3227 Peleus,
422 3164 536 3232 raptum
555 3176 643 3233 quum
656 3159 737 3229 luget
758 3157 902 3226 hahilem,

40 3220 150 3286 Atque
166 3227 253 3297 alios,
274 3234 327 3290 cui
342 3233 392 3292 fas
412 3237 551 3298 Ithacum
567 3238 670 3310 lugere
686 3237 847 3311 mmm·
