2040 3510
256 366 287 429 A
325 365 514 430 PERSII
550 365 749 433 FLAOOI

379 525 627 591 SATIRAE.

402 751 608 807 PROLOGUS.

78 889 140 944 Nnc
158 887 235 941 fonte
252 886 330 940 labra
348 886 438 954 prolui
454 885 594 951 caballino,

79 964 138 1018 Nec
155 964 183 1016 in
201 962 306 1030 bicipiti
323 962 471 1016 somniasse
489 961 623 1015 Parnasso

79 1039 200 1105 Memini,
218 1041 250 1092 ut
267 1042 382 1106 repente
399 1037 439 1090 sic
455 1041 537 1105 poete
554 1038 707 1105 prodirem3

80 1113 310 1182 Heliconidasque
328 1114 511 1183 pallidamque
530 1113 646 1168 Pirenen

81 1192 139 1245 illis
154 1191 267 1245 remitto
285 1207 401 1259 quorum
418 1191 550 1258 imagines
569 1191 692 1244 lambunt

82 1267 210 1322 Hederae
228 1283 371 1334 sequaces:
395 1268 455 1337 ipse
472 1268 660 1336 semipaganus

80 1344 128 1397 Ad
144 1361 222 1414 sacra
238 1348 332 1398 vatum
349 1360 458 1397 carmen
479 1343 561 1397 affero
578 1349 710 1399 nostrum

81 1421 148 1485 Quis
164 1419 304 1490 expedivit
322 1421 440 1488 psittaco
458 1437 537 1474 suum
556 1425 638 1490 χαῖρε,

81 1495 213 1562 Picasque
230 1495 325 1548 docuit
343 1495 426 1548 verba
444 1499 538 1550 nostra
556 1497 665 1551 coneril

80 1571 213 1639 Magister
230 1572 297 1624 artis
314 1571 460 1640 ingenique
477 1572 591 1639 largitor

80 1647 192 1715 Venter,
209 1651 328 1714 negatas·
340 1648 441 1701 artifex
459 1648 535 1718 sequi
553 1663 638 1702 voces.

81 1721 161 1787 Quod
178 1723 202 1775 si
219 1723 304 1777 dolosi
322 1740 384 1792 spes
401 1724 542 1778 refulserit
559 1723 671 1791 nummi,

81 1798 183 1852 corvos
200 1805 296 1868 poetas
313 1804 342 1854 et
359 1801 500 1869 poetrides
516 1802 590 1870 picas

81 1874 198 1928 Contere
215 1873 311 1948 credas
329 1876 490 1944 Pegaseium
508 1880 616 1933 nectar.¹

376 2074 636 2084 a——————.-.

411 2214 553 2269 sartan
579 2215 600 2270 Ι.

81 2343 105 2396 0
125 2359 211 2398 caras
230 2341 401 2396 leontinum!
422 2360 437 2396 o
456 2349 596 2409 quactum
615 2349 655 2396 cat
672 2344 705 2396 in
723 2343 804 2397 rebus
821 2344 929 2399 inune!

79 2421 92 2445 ‘⁶
98 2418 245 2485 Quisleget
252 2416 319 2471 haec
326 2418 352 2472 l”
360 2418 427 2471 Min’
434 2417 544 2471 tuistud
552 2418 643 2471 aislN
645 2435 706 2472 emo
713 2419 830 2485 hercule,
837 2436 929 2474 nemo:

80 2493 133 2546 Vel
152 2494 207 2546 duo
224 2492 268 2546 vel
286 2494 423 2546 nemo.-“
430 2494 521 2563 Turpe
535 2497 565 2548 et
582 2494 738 2548 miserabile
747 2494 913 2558 i’'—Quarel

81 2568 124 2624 Ne
141 2569 209 2622 mihi
227 2569 390 2638 Polydamas
407 2573 436 2623 et
454 2570 584 2625 Troiades
602 2571 757 2625 Labeonem

81 2645 283 2700 Praetulerintl
307 2662 404 2713 nugae.
440 2646 502 2699 Non
520 2647 543 2700 si
561 2647 629 2716 quid
646 2646 758 2700 turbide
776 2647 864 2702 Roma
916 2662 929 2699 s

80 2722 178 2775 Elevet
195 2722 315 2789 accedes,
333 2739 480 2777 examenve
498 2722 650 2792 improbum
667 2724 697 2776 in
715 2722 761 2777 illa

81 2797 205 2865 Castiges
223 2799 334 2866 trutina,
346 2815 397 2854 nec
414 2805 443 2853 te
461 2800 626 2867 quaesiveris
644 2804 730 2855 extra

81 2873 151 2927 Nem
171 2874 275 2928 Romae
293 2875 353 2943 quis
371 2881 490 2931 non-at
507 2878 529 2932 si
546 2877 586 2931 ies
604 2877 781 2931 dicere-sed
800 2876 849 2941 las3

81 2948 156 3004 'lunc
172 2968 234 3006 cum
252 2952 288 3006 ad
305 2952 432 3007 canitiem
450 2958 480 3008 et
494 2958 618 3009 nostrum
636 2954 711 3008 istud
728 2955 818 3007 vivere
835 2954 914 3008 triste

81 3027 191 3094 Asspexl
203 3043 235 3081 Μ
252 3028 365 3082 nucibus
383 3030 496 3084 facimus
514 3047 694 3099 quaecunque
710 3029 827 3091 relictis„
905 3045 937 3075 us

82 3101 148 3154 ΟΜ
162 3103 283 3172 ”pimus
294 3109 427 3177 patruos
439 3110 519 3174 tunc,
527 3096 961 3176 tuncignoscxkef-meir-

75 3176 147 3240 Quid
164 3177 287 3238 faciaml
322 3182 385 3241 Sed
401 3200 470 3240 sum
485 3182 641 3256 petulanti
656 3178 764 3246 splene
780 3166 938 3221 samam·
