<?xml version="1.0" encoding="UTF-8"?>
<!DOCTYPE html PUBLIC "-//W3C//DTD XHTML 1.0 Transitional//EN"
    "http://www.w3.org/TR/xhtml1/DTD/xhtml1-transitional.dtd">
<html xmlns="http://www.w3.org/1999/xhtml" xml:lang="en" lang="en">
 <head>
  <title>
</title>
<meta http-equiv="Content-Type" content="text/html;charset=utf-8" />
  <meta name='ocr-system' content='tesseract 3.04.00' />
  <meta name='ocr-capabilities' content='ocr_page ocr_carea ocr_par ocr_line ocrx_word'/>
</head>
<body>
  <div class='ocr_page' id='page_1' title='image "./deciijuniijuven00persgoog_0016.png"; bbox 0 0 2040 3510; ppageno 0'>
   <div class='ocr_carea' id='block_1_1' title="bbox 432 169 955 220">
    <p class='ocr_par' dir='ltr' id='par_1_1' title="bbox 432 169 955 220">
     <span class='ocr_line' id='line_1_1' title="bbox 432 169 955 220; baseline 0.002 -1"><span class='ocrx_word' id='word_1_1' title='bbox 432 169 567 219; x_wconf 77' lang='lat' dir='ltr'><strong>SATIRA</strong></span> <span class='ocrx_word' id='word_1_2' title='bbox 584 170 622 219; x_wconf 92' lang='lat' dir='ltr'>II.</span> <span class='ocrx_word' id='word_1_3' title='bbox 940 169 955 220; x_wconf 85' lang='lat'>7·</span> 
     </span>
    </p>
   </div>
   <div class='ocr_carea' id='block_1_2' title="bbox 98 259 955 3301">
    <p class='ocr_par' dir='ltr' id='par_1_2' title="bbox 102 259 955 634">
     <span class='ocr_line' id='line_1_2' title="bbox 103 259 955 330; baseline -0.001 -17"><span class='ocrx_word' id='word_1_4' title='bbox 103 261 227 317; x_wconf 79' lang='lat' dir='ltr'>Vellera:</span> <span class='ocrx_word' id='word_1_5' title='bbox 248 276 296 317; x_wconf 86' lang='lat' dir='ltr'>ves</span> <span class='ocrx_word' id='word_1_6' title='bbox 315 260 393 315; x_wconf 87' lang='lat' dir='ltr'>tenui</span> <span class='ocrx_word' id='word_1_7' title='bbox 410 264 610 330; x_wconf 72' lang='lat' dir='ltr'><strong>praegnantem</strong></span> <span class='ocrx_word' id='word_1_8' title='bbox 631 259 748 314; x_wconf 90' lang='lat' dir='ltr'>stamine</span> <span class='ocrx_word' id='word_1_9' title='bbox 765 259 856 315; x_wconf 87' lang='lat' dir='ltr'>iusum</span> <span class='ocrx_word' id='word_1_10' title='bbox 927 273 955 312; x_wconf 60' lang='lat' dir='ltr'>‘ss</span> 
     </span>
     <span class='ocr_line' id='line_1_3' title="bbox 103 335 788 406; baseline 0 -17"><span class='ocrx_word' id='word_1_11' title='bbox 103 335 241 406; x_wconf 81' lang='lat' dir='ltr'>Penelope</span> <span class='ocrx_word' id='word_1_12' title='bbox 261 336 365 404; x_wconf 82' lang='lat' dir='ltr'>melius,</span> <span class='ocrx_word' id='word_1_13' title='bbox 386 337 474 391; x_wconf 88' lang='lat' dir='ltr'>levius</span> <span class='ocrx_word' id='word_1_14' title='bbox 493 336 632 406; x_wconf 86' lang='lat' dir='ltr'>torquetis</span> <span class='ocrx_word' id='word_1_15' title='bbox 653 335 788 405; x_wconf 77' lang='lat' dir='ltr'>Arachne,</span> 
     </span>
     <span class='ocr_line' id='line_1_4' title="bbox 103 411 816 481; baseline 0.003 -17"><span class='ocrx_word' id='word_1_16' title='bbox 103 411 225 466; x_wconf 79' lang='lat' dir='ltr'>Horrida</span> <span class='ocrx_word' id='word_1_17' title='bbox 243 413 323 481; x_wconf 86' lang='lat' dir='ltr'>quale</span> <span class='ocrx_word' id='word_1_18' title='bbox 342 413 409 468; x_wconf 86' lang='lat' dir='ltr'>facit</span> <span class='ocrx_word' id='word_1_19' title='bbox 427 413 551 468; x_wconf 81' lang='lat' dir='ltr'>residens</span> <span class='ocrx_word' id='word_1_20' title='bbox 566 413 596 466; x_wconf 88' lang='lat' dir='ltr'>in</span> <span class='ocrx_word' id='word_1_21' title='bbox 611 412 703 466; x_wconf 89' lang='lat' dir='ltr'>codice</span> <span class='ocrx_word' id='word_1_22' title='bbox 718 411 816 481; x_wconf 85' lang='lat' dir='ltr'>pellex.</span> 
     </span>
     <span class='ocr_line' id='line_1_5' title="bbox 102 487 833 558; baseline 0.003 -18"><span class='ocrx_word' id='word_1_23' title='bbox 102 487 206 541; x_wconf 91' lang='lat' dir='ltr'>Notum</span> <span class='ocrx_word' id='word_1_24' title='bbox 225 493 269 542; x_wconf 91' lang='lat' dir='ltr'>est</span> <span class='ocrx_word' id='word_1_25' title='bbox 288 506 337 543; x_wconf 89' lang='lat' dir='ltr'>cur</span> <span class='ocrx_word' id='word_1_26' title='bbox 354 490 412 543; x_wconf 90' lang='lat' dir='ltr'>solo</span> <span class='ocrx_word' id='word_1_27' title='bbox 431 489 541 544; x_wconf 90' lang='lat' dir='ltr'>tabulas</span> <span class='ocrx_word' id='word_1_28' title='bbox 560 488 716 558; x_wconf 73' lang='lat' dir='ltr'>impleverit</span> <span class='ocrx_word' id='word_1_29' title='bbox 736 488 833 544; x_wconf 79' lang='lat' dir='ltr'>Hister</span> 
     </span>
     <span class='ocr_line' id='line_1_6' title="bbox 102 562 756 634; baseline 0.003 -18"><span class='ocrx_word' id='word_1_30' title='bbox 102 562 222 628; x_wconf 79' lang='lat' dir='ltr'>biberto,</span> <span class='ocrx_word' id='word_1_31' title='bbox 241 565 353 620; x_wconf 90' lang='lat' dir='ltr'>dederit</span> <span class='ocrx_word' id='word_1_32' title='bbox 371 567 447 620; x_wconf 89' lang='lat' dir='ltr'>vivus</span> <span class='ocrx_word' id='word_1_33' title='bbox 469 584 518 621; x_wconf 88' lang='lat' dir='ltr'>cur</span> <span class='ocrx_word' id='word_1_34' title='bbox 536 566 624 620; x_wconf 91' lang='lat' dir='ltr'>multa</span> <span class='ocrx_word' id='word_1_35' title='bbox 643 565 756 634; x_wconf 89' lang='lat' dir='ltr'>puellae.</span> 
     </span>
    </p>

    <p class='ocr_par' dir='ltr' id='par_1_3' title="bbox 101 639 778 711">
     <span class='ocr_line' id='line_1_7' title="bbox 101 639 778 711; baseline -0.001 -17"><span class='ocrx_word' id='word_1_36' title='bbox 101 639 186 695; x_wconf 84' lang='lat' dir='ltr'>Dives</span> <span class='ocrx_word' id='word_1_37' title='bbox 202 641 257 695; x_wconf 90' lang='lat' dir='ltr'>erit</span> <span class='ocrx_word' id='word_1_38' title='bbox 274 658 372 710; x_wconf 78' lang='lat' dir='ltr'>magno</span> <span class='ocrx_word' id='word_1_39' title='bbox 389 659 458 711; x_wconf 86' lang='lat' dir='ltr'>quae</span> <span class='ocrx_word' id='word_1_40' title='bbox 476 642 578 699; x_wconf 83' lang='lat' dir='ltr'>dormit</span> <span class='ocrx_word' id='word_1_41' title='bbox 595 644 680 697; x_wconf 88' lang='lat' dir='ltr'>tertia</span> <span class='ocrx_word' id='word_1_42' title='bbox 699 643 778 695; x_wconf 88' lang='lat' dir='ltr'>lecto.</span> 
     </span>
    </p>

    <p class='ocr_par' dir='ltr' id='par_1_4' title="bbox 100 715 824 862">
     <span class='ocr_line' id='line_1_8' title="bbox 101 715 824 786; baseline 0 -17"><span class='ocrx_word' id='word_1_43' title='bbox 101 715 142 769; x_wconf 82' lang='lat' dir='ltr'>&#39;Fu</span> <span class='ocrx_word' id='word_1_44' title='bbox 158 716 232 771; x_wconf 94' lang='lat' dir='ltr'>nube</span> <span class='ocrx_word' id='word_1_45' title='bbox 249 720 333 786; x_wconf 85' lang='lat' dir='ltr'>atque</span> <span class='ocrx_word' id='word_1_46' title='bbox 350 722 424 773; x_wconf 87' lang='lat' dir='ltr'>tace:</span> <span class='ocrx_word' id='word_1_47' title='bbox 448 718 550 773; x_wconf 89' lang='lat' dir='ltr'>donant</span> <span class='ocrx_word' id='word_1_48' title='bbox 567 735 667 773; x_wconf 87' lang='lat' dir='ltr'>arcana</span> <span class='ocrx_word' id='word_1_49' title='bbox 683 716 824 784; x_wconf 83' lang='lat' dir='ltr'>cylindros</span> 
     </span>
     <span class='ocr_line' id='line_1_9' title="bbox 100 792 785 862; baseline 0 -17"><span class='ocrx_word' id='word_1_50' title='bbox 100 792 144 846; x_wconf 88' lang='lat' dir='ltr'>De</span> <span class='ocrx_word' id='word_1_51' title='bbox 163 792 240 846; x_wconf 88' lang='lat' dir='ltr'>nobis</span> <span class='ocrx_word' id='word_1_52' title='bbox 257 797 320 862; x_wconf 89' lang='lat' dir='ltr'>post</span> <span class='ocrx_word' id='word_1_53' title='bbox 338 794 405 848; x_wconf 88' lang='lat' dir='ltr'>haec</span> <span class='ocrx_word' id='word_1_54' title='bbox 425 795 514 848; x_wconf 87' lang='lat' dir='ltr'>tristis</span> <span class='ocrx_word' id='word_1_55' title='bbox 535 794 672 849; x_wconf 86' lang='lat' dir='ltr'>sententia</span> <span class='ocrx_word' id='word_1_56' title='bbox 689 793 785 847; x_wconf 87' lang='lat' dir='ltr'>fertur.</span> 
     </span>
    </p>

    <p class='ocr_par' dir='ltr' id='par_1_5' title="bbox 99 867 906 1384">
     <span class='ocr_line' id='line_1_10' title="bbox 100 867 812 938; baseline 0 -16"><span class='ocrx_word' id='word_1_57' title='bbox 100 869 157 925; x_wconf 89' lang='lat' dir='ltr'>Dat</span> <span class='ocrx_word' id='word_1_58' title='bbox 175 870 282 923; x_wconf 85' lang='lat' dir='ltr'>reniam</span> <span class='ocrx_word' id='word_1_59' title='bbox 301 871 395 938; x_wconf 86' lang='lat' dir='ltr'>corvis,</span> <span class='ocrx_word' id='word_1_60' title='bbox 414 874 498 926; x_wconf 78' lang='lat' dir='ltr'>vexat</span> <span class='ocrx_word' id='word_1_61' title='bbox 516 887 630 926; x_wconf 86' lang='lat' dir='ltr'>censura</span> <span class='ocrx_word' id='word_1_62' title='bbox 651 867 812 924; x_wconf 89' lang='lat' dir='ltr'>columbas.&#39;’</span> 
     </span>
     <span class='ocr_line' id='line_1_11' title="bbox 100 945 829 1014; baseline -0.003 -16"><span class='ocrx_word' id='word_1_63' title='bbox 100 945 244 1012; x_wconf 80' lang='lat' dir='ltr'>Fugerunt</span> <span class='ocrx_word' id='word_1_64' title='bbox 263 945 366 1014; x_wconf 84' lang='lat' dir='ltr'>trepidi</span> <span class='ocrx_word' id='word_1_65' title='bbox 384 962 452 1001; x_wconf 82' lang='lat' dir='ltr'>rere</span> <span class='ocrx_word' id='word_1_66' title='bbox 472 963 504 1001; x_wconf 86' lang='lat' dir='ltr'>ac</span> <span class='ocrx_word' id='word_1_67' title='bbox 522 947 669 1000; x_wconf 85' lang='lat' dir='ltr'>manifesta</span> <span class='ocrx_word' id='word_1_68' title='bbox 687 948 829 999; x_wconf 81' lang='lat' dir='ltr'>canentem</span> 
     </span>
     <span class='ocr_line' id='line_1_12' title="bbox 100 1021 906 1089; baseline -0.002 -13"><span class='ocrx_word' id='word_1_69' title='bbox 100 1022 246 1077; x_wconf 78' lang='lat' dir='ltr'>Stoicidae.</span> <span class='ocrx_word' id='word_1_70' title='bbox 282 1022 354 1089; x_wconf 82' lang='lat' dir='ltr'>Quid</span> <span class='ocrx_word' id='word_1_71' title='bbox 372 1023 445 1077; x_wconf 88' lang='lat' dir='ltr'>enirn</span> <span class='ocrx_word' id='word_1_72' title='bbox 462 1023 523 1076; x_wconf 90' lang='lat' dir='ltr'>falsi</span> <span class='ocrx_word' id='word_1_73' title='bbox 541 1023 695 1078; x_wconf 82' lang='lat' dir='ltr'>Lauronial</span> <span class='ocrx_word' id='word_1_74' title='bbox 732 1021 786 1075; x_wconf 86' lang='lat' dir='ltr'>Sed</span> <span class='ocrx_word' id='word_1_75' title='bbox 803 1022 870 1084; x_wconf 83' lang='lat' dir='ltr'>quid</span> <span class='ocrx_word' id='word_1_76' title='bbox 896 1069 906 1083; x_wconf 86' lang='grc'><em>,</em></span> 
     </span>
     <span class='ocr_line' id='line_1_13' title="bbox 99 1098 762 1168; baseline -0.002 -16"><span class='ocrx_word' id='word_1_77' title='bbox 99 1098 124 1152; x_wconf 87' lang='lat' dir='ltr'>N</span> <span class='ocrx_word' id='word_1_78' title='bbox 128 1116 163 1153; x_wconf 92' lang='lat' dir='ltr'>on</span> <span class='ocrx_word' id='word_1_79' title='bbox 180 1098 282 1155; x_wconf 74' lang='lat' dir='ltr'>fument</span> <span class='ocrx_word' id='word_1_80' title='bbox 300 1099 347 1153; x_wconf 87' lang='lat' dir='ltr'>alii</span> <span class='ocrx_word' id='word_1_81' title='bbox 368 1116 451 1168; x_wconf 89' lang='lat' dir='ltr'>quum</span> <span class='ocrx_word' id='word_1_82' title='bbox 472 1103 504 1154; x_wconf 93' lang='lat' dir='ltr'>tu</span> <span class='ocrx_word' id='word_1_83' title='bbox 522 1099 645 1154; x_wconf 90' lang='lat' dir='ltr'>multicia</span> <span class='ocrx_word' id='word_1_84' title='bbox 664 1114 762 1165; x_wconf 86' lang='lat' dir='ltr'>sumas,</span> 
     </span>
     <span class='ocr_line' id='line_1_14' title="bbox 99 1175 865 1245; baseline -0.003 -15"><span class='ocrx_word' id='word_1_85' title='bbox 99 1175 215 1243; x_wconf 79' lang='lat' dir='ltr'>Cretica,</span> <span class='ocrx_word' id='word_1_86' title='bbox 236 1179 266 1231; x_wconf 85' lang='lat' dir='ltr'>et</span> <span class='ocrx_word' id='word_1_87' title='bbox 285 1176 355 1230; x_wconf 86' lang='lat' dir='ltr'>banc</span> <span class='ocrx_word' id='word_1_88' title='bbox 375 1180 481 1231; x_wconf 88' lang='lat' dir='ltr'>vestem</span> <span class='ocrx_word' id='word_1_89' title='bbox 499 1176 599 1245; x_wconf 91' lang='lat' dir='ltr'>populo</span> <span class='ocrx_word' id='word_1_90' title='bbox 618 1175 737 1230; x_wconf 88' lang='lat' dir='ltr'>mirante</span> <span class='ocrx_word' id='word_1_91' title='bbox 754 1190 865 1244; x_wconf 87' lang='lat' dir='ltr'>perores</span> 
     </span>
     <span class='ocr_line' id='line_1_15' title="bbox 99 1245 835 1316; baseline -0.005 -9"><span class='ocrx_word' id='word_1_92' title='bbox 99 1245 134 1307; x_wconf 85' lang='lat' dir='ltr'>In</span> <span class='ocrx_word' id='word_1_93' title='bbox 155 1252 285 1307; x_wconf 89' lang='lat' dir='ltr'>Proculas</span> <span class='ocrx_word' id='word_1_94' title='bbox 297 1255 326 1307; x_wconf 91' lang='lat' dir='ltr'>et</span> <span class='ocrx_word' id='word_1_95' title='bbox 339 1252 470 1307; x_wconf 84' lang='lat' dir='ltr'>Pollitasl</span> <span class='ocrx_word' id='word_1_96' title='bbox 505 1254 556 1306; x_wconf 86' lang='lat' dir='ltr'>Flst</span> <span class='ocrx_word' id='word_1_97' title='bbox 575 1251 687 1306; x_wconf 89' lang='lat' dir='ltr'>moecha</span> <span class='ocrx_word' id='word_1_98' title='bbox 706 1250 835 1316; x_wconf 90' lang='lat' dir='ltr'>Fabulla;</span> 
     </span>
     <span class='ocr_line' id='line_1_16' title="bbox 99 1328 712 1384; baseline -0.002 -2"><span class='ocrx_word' id='word_1_99' title='bbox 99 1328 253 1383; x_wconf 87' lang='lat' dir='ltr'>Damnetur</span> <span class='ocrx_word' id='word_1_100' title='bbox 272 1329 295 1382; x_wconf 83' lang='lat' dir='ltr'>si</span> <span class='ocrx_word' id='word_1_101' title='bbox 315 1329 356 1382; x_wconf 86' lang='lat' dir='ltr'>vis</span> <span class='ocrx_word' id='word_1_102' title='bbox 374 1329 458 1383; x_wconf 88' lang='lat' dir='ltr'>etiam</span> <span class='ocrx_word' id='word_1_103' title='bbox 477 1329 608 1384; x_wconf 80' lang='lat' dir='ltr'>Carfinia:</span> <span class='ocrx_word' id='word_1_104' title='bbox 628 1329 712 1382; x_wconf 87' lang='lat' dir='ltr'>talem</span> 
     </span>
    </p>

    <p class='ocr_par' dir='ltr' id='par_1_6' title="bbox 98 1404 879 1778">
     <span class='ocr_line' id='line_1_17' title="bbox 98 1404 865 1474; baseline 0.003 -16"><span class='ocrx_word' id='word_1_105' title='bbox 98 1405 161 1458; x_wconf 88' lang='lat' dir='ltr'>Non</span> <span class='ocrx_word' id='word_1_106' title='bbox 182 1409 273 1460; x_wconf 93' lang='lat' dir='ltr'>sumet</span> <span class='ocrx_word' id='word_1_107' title='bbox 293 1406 424 1460; x_wconf 90' lang='lat' dir='ltr'>damnata</span> <span class='ocrx_word' id='word_1_108' title='bbox 444 1408 543 1474; x_wconf 81' lang='lat' dir='ltr'>togam.</span> <span class='ocrx_word' id='word_1_109' title='bbox 567 1405 645 1460; x_wconf 84' lang='lat' dir='ltr'>“Sed</span> <span class='ocrx_word' id='word_1_110' title='bbox 665 1406 683 1459; x_wconf 89' lang='lat' dir='ltr'>J</span> <span class='ocrx_word' id='word_1_111' title='bbox 687 1404 865 1471; x_wconf 64' lang='lat' dir='ltr'>uuusvardet,</span> 
     </span>
     <span class='ocr_line' id='line_1_18' title="bbox 99 1481 879 1550; baseline 0.001 -16"><span class='ocrx_word' id='word_1_112' title='bbox 99 1482 228 1536; x_wconf 86' lang='lat' dir='ltr'>Aestue.&#39;’</span> <span class='ocrx_word' id='word_1_113' title='bbox 266 1481 365 1535; x_wconf 86' lang='lat' dir='ltr'>Nudus</span> <span class='ocrx_word' id='word_1_114' title='bbox 386 1498 466 1550; x_wconf 81' lang='lat' dir='ltr'>agas3</span> <span class='ocrx_word' id='word_1_115' title='bbox 486 1481 576 1536; x_wconf 92' lang='lat' dir='ltr'>minus</span> <span class='ocrx_word' id='word_1_116' title='bbox 597 1485 641 1536; x_wconf 87' lang='lat' dir='ltr'>est</span> <span class='ocrx_word' id='word_1_117' title='bbox 660 1481 763 1534; x_wconf 90' lang='lat' dir='ltr'>insania</span> <span class='ocrx_word' id='word_1_118' title='bbox 782 1481 879 1550; x_wconf 89' lang='lat' dir='ltr'>turpis.</span> 
     </span>
     <span class='ocr_line' id='line_1_19' title="bbox 99 1557 784 1626; baseline 0 -16"><span class='ocrx_word' id='word_1_119' title='bbox 99 1557 141 1611; x_wconf 88' lang='lat' dir='ltr'>En</span> <span class='ocrx_word' id='word_1_120' title='bbox 161 1557 285 1612; x_wconf 87' lang='lat' dir='ltr'>habitum</span> <span class='ocrx_word' id='word_1_121' title='bbox 303 1575 358 1626; x_wconf 91' lang='lat' dir='ltr'>quo</span> <span class='ocrx_word' id='word_1_122' title='bbox 379 1561 409 1612; x_wconf 93' lang='lat' dir='ltr'>te</span> <span class='ocrx_word' id='word_1_123' title='bbox 426 1558 501 1626; x_wconf 83' lang='lat' dir='ltr'>leges</span> <span class='ocrx_word' id='word_1_124' title='bbox 522 1575 553 1611; x_wconf 91' lang='lat' dir='ltr'>ac</span> <span class='ocrx_word' id='word_1_125' title='bbox 567 1557 633 1626; x_wconf 88' lang='lat' dir='ltr'>jura</span> <span class='ocrx_word' id='word_1_126' title='bbox 651 1557 784 1611; x_wconf 87' lang='lat' dir='ltr'>ferentem</span> 
     </span>
     <span class='ocr_line' id='line_1_20' title="bbox 99 1631 861 1704; baseline 0.004 -20"><span class='ocrx_word' id='word_1_127' title='bbox 99 1631 267 1687; x_wconf 84' lang='lat' dir='ltr'>Vulneribus</span> <span class='ocrx_word' id='word_1_128' title='bbox 285 1633 378 1688; x_wconf 89' lang='lat' dir='ltr'>crudis</span> <span class='ocrx_word' id='word_1_129' title='bbox 398 1634 515 1704; x_wconf 89' lang='lat' dir='ltr'>populus</span> <span class='ocrx_word' id='word_1_130' title='bbox 534 1634 616 1686; x_wconf 92' lang='lat' dir='ltr'>modo</span> <span class='ocrx_word' id='word_1_131' title='bbox 637 1633 723 1686; x_wconf 89' lang='lat' dir='ltr'>victer</span> <span class='ocrx_word' id='word_1_132' title='bbox 742 1636 772 1686; x_wconf 90' lang='lat' dir='ltr'>et</span> <span class='ocrx_word' id='word_1_133' title='bbox 791 1632 861 1687; x_wconf 90' lang='lat' dir='ltr'>illud</span> 
     </span>
     <span class='ocr_line' id='line_1_21' title="bbox 100 1707 764 1778; baseline 0 -16"><span class='ocrx_word' id='word_1_134' title='bbox 100 1708 261 1763; x_wconf 79' lang='lat' dir='ltr'>Montanum</span> <span class='ocrx_word' id='word_1_135' title='bbox 283 1709 379 1778; x_wconf 89' lang='lat' dir='ltr'>positis</span> <span class='ocrx_word' id='word_1_136' title='bbox 400 1709 511 1763; x_wconf 88' lang='lat' dir='ltr'>audiret</span> <span class='ocrx_word' id='word_1_137' title='bbox 532 1709 628 1777; x_wconf 81' lang='lat' dir='ltr'>vulgus</span> <span class='ocrx_word' id='word_1_138' title='bbox 649 1707 764 1763; x_wconf 76' lang='lat' dir='ltr'>aratris!</span> 
     </span>
    </p>

    <p class='ocr_par' dir='ltr' id='par_1_7' title="bbox 99 1784 788 1855">
     <span class='ocr_line' id='line_1_22' title="bbox 99 1784 788 1855; baseline 0.001 -17"><span class='ocrx_word' id='word_1_139' title='bbox 99 1785 174 1849; x_wconf 84' lang='lat' dir='ltr'>Quid</span> <span class='ocrx_word' id='word_1_140' title='bbox 191 1801 245 1839; x_wconf 94' lang='lat' dir='ltr'>non</span> <span class='ocrx_word' id='word_1_141' title='bbox 264 1784 416 1855; x_wconf 79' lang='lat' dir='ltr'>proclames</span> <span class='ocrx_word' id='word_1_142' title='bbox 434 1787 463 1838; x_wconf 91' lang='lat' dir='ltr'>in</span> <span class='ocrx_word' id='word_1_143' title='bbox 482 1801 594 1853; x_wconf 89' lang='lat' dir='ltr'>corpore</span> <span class='ocrx_word' id='word_1_144' title='bbox 610 1785 715 1853; x_wconf 87' lang='lat' dir='ltr'>judicis</span> <span class='ocrx_word' id='word_1_145' title='bbox 734 1785 788 1839; x_wconf 87' lang='lat' dir='ltr'>ista</span> 
     </span>
    </p>

    <p class='ocr_par' dir='ltr' id='par_1_8' title="bbox 99 1861 860 2238">
     <span class='ocr_line' id='line_1_23' title="bbox 99 1861 860 1927; baseline 0.001 -12"><span class='ocrx_word' id='word_1_146' title='bbox 99 1861 128 1915; x_wconf 82' lang='lat' dir='ltr'>Si</span> <span class='ocrx_word' id='word_1_147' title='bbox 146 1861 270 1916; x_wconf 84' lang='lat' dir='ltr'>videasl&#39;</span> <span class='ocrx_word' id='word_1_148' title='bbox 292 1862 399 1927; x_wconf 83' lang='lat' dir='ltr'>Quaero</span> <span class='ocrx_word' id='word_1_149' title='bbox 411 1879 446 1915; x_wconf 88' lang='lat' dir='ltr'>an</span> <span class='ocrx_word' id='word_1_150' title='bbox 465 1862 582 1916; x_wconf 89' lang='lat' dir='ltr'>deceant</span> <span class='ocrx_word' id='word_1_151' title='bbox 600 1861 722 1916; x_wconf 87' lang='lat' dir='ltr'>multicia</span> <span class='ocrx_word' id='word_1_152' title='bbox 742 1862 860 1916; x_wconf 76' lang='lat' dir='ltr'>testem?</span> 
     </span>
     <span class='ocr_line' id='line_1_24' title="bbox 99 1938 752 2007; baseline 0 -15"><span class='ocrx_word' id='word_1_153' title='bbox 99 1940 174 1992; x_wconf 86' lang='lat' dir='ltr'>Acer</span> <span class='ocrx_word' id='word_1_154' title='bbox 191 1943 221 1994; x_wconf 91' lang='lat' dir='ltr'>et</span> <span class='ocrx_word' id='word_1_155' title='bbox 239 1939 388 1993; x_wconf 88' lang='lat' dir='ltr'>indomitus</span> <span class='ocrx_word' id='word_1_156' title='bbox 406 1938 596 2006; x_wconf 79' lang='lat' dir='ltr'>libertatisque</span> <span class='ocrx_word' id='word_1_157' title='bbox 615 1939 752 2007; x_wconf 79' lang='lat' dir='ltr'>magister,</span> 
     </span>
     <span class='ocr_line' id='line_1_25' title="bbox 99 2015 834 2085; baseline 0.003 -17"><span class='ocrx_word' id='word_1_158' title='bbox 99 2015 214 2082; x_wconf 75' lang='lat' dir='ltr'>Cretice¹</span> <span class='ocrx_word' id='word_1_159' title='bbox 233 2015 368 2085; x_wconf 87' lang='lat' dir='ltr'>pellucesl</span> <span class='ocrx_word' id='word_1_160' title='bbox 405 2015 492 2070; x_wconf 89' lang='lat' dir='ltr'>Dedit</span> <span class='ocrx_word' id='word_1_161' title='bbox 509 2016 579 2069; x_wconf 88' lang='lat' dir='ltr'>hanc</span> <span class='ocrx_word' id='word_1_162' title='bbox 598 2015 723 2084; x_wconf 83' lang='lat' dir='ltr'>contagio</span> <span class='ocrx_word' id='word_1_163' title='bbox 744 2015 834 2070; x_wconf 89' lang='lat' dir='ltr'>labem</span> 
     </span>
     <span class='ocr_line' id='line_1_26' title="bbox 99 2090 822 2163; baseline 0.003 -19"><span class='ocrx_word' id='word_1_164' title='bbox 99 2090 136 2145; x_wconf 85' lang='lat' dir='ltr'>Flt</span> <span class='ocrx_word' id='word_1_165' title='bbox 156 2091 235 2146; x_wconf 85' lang='lat' dir='ltr'>dabit</span> <span class='ocrx_word' id='word_1_166' title='bbox 252 2093 282 2144; x_wconf 89' lang='lat' dir='ltr'>ln</span> <span class='ocrx_word' id='word_1_167' title='bbox 299 2091 406 2160; x_wconf 91' lang='lat' dir='ltr'>plures:</span> <span class='ocrx_word' id='word_1_168' title='bbox 425 2092 496 2146; x_wconf 87' lang='lat' dir='ltr'>sicut</span> <span class='ocrx_word' id='word_1_169' title='bbox 516 2109 584 2160; x_wconf 76' lang='lat' dir='ltr'>grex</span> <span class='ocrx_word' id='word_1_170' title='bbox 606 2094 681 2146; x_wconf 87' lang='lat' dir='ltr'>tetus</span> <span class='ocrx_word' id='word_1_171' title='bbox 699 2092 727 2146; x_wconf 93' lang='lat' dir='ltr'>in</span> <span class='ocrx_word' id='word_1_172' title='bbox 747 2092 822 2163; x_wconf 78' lang='lat' dir='ltr'>agris</span> 
     </span>
     <span class='ocr_line' id='line_1_27' title="bbox 99 2167 703 2238; baseline 0.003 -17"><span class='ocrx_word' id='word_1_173' title='bbox 99 2167 187 2222; x_wconf 90' lang='lat' dir='ltr'>Unius</span> <span class='ocrx_word' id='word_1_174' title='bbox 205 2167 296 2222; x_wconf 87' lang='lat' dir='ltr'>scabie</span> <span class='ocrx_word' id='word_1_175' title='bbox 316 2167 392 2222; x_wconf 89' lang='lat' dir='ltr'>cadit</span> <span class='ocrx_word' id='word_1_176' title='bbox 412 2171 442 2222; x_wconf 88' lang='lat' dir='ltr'>et</span> <span class='ocrx_word' id='word_1_177' title='bbox 462 2168 600 2237; x_wconf 84' lang='lat' dir='ltr'>porrigine</span> <span class='ocrx_word' id='word_1_178' title='bbox 620 2167 703 2238; x_wconf 89' lang='lat' dir='ltr'>porci,</span> 
     </span>
    </p>

    <p class='ocr_par' dir='ltr' id='par_1_9' title="bbox 98 2237 718 2306">
     <span class='ocr_line' id='line_1_28' title="bbox 98 2237 718 2306; baseline 0.006 -16"><span class='ocrx_word' id='word_1_179' title='bbox 98 2237 214 2306; x_wconf 85' lang='lat' dir='ltr'>Uvaque</span> <span class='ocrx_word' id='word_1_180' title='bbox 233 2240 361 2292; x_wconf 87' lang='lat' dir='ltr'>contacta</span> <span class='ocrx_word' id='word_1_181' title='bbox 377 2237 491 2292; x_wconf 86' lang='lat' dir='ltr'>livorem</span> <span class='ocrx_word' id='word_1_182' title='bbox 510 2237 587 2292; x_wconf 90' lang='lat' dir='ltr'>ducit</span> <span class='ocrx_word' id='word_1_183' title='bbox 604 2239 640 2291; x_wconf 91' lang='lat' dir='ltr'>ab</span> <span class='ocrx_word' id='word_1_184' title='bbox 658 2255 718 2294; x_wconf 85' lang='lat' dir='ltr'>ura.</span> 
     </span>
    </p>

    <p class='ocr_par' dir='ltr' id='par_1_10' title="bbox 98 2308 927 2840">
     <span class='ocr_line' id='line_1_29' title="bbox 99 2308 856 2384; baseline 0.008 -17"><span class='ocrx_word' id='word_1_185' title='bbox 99 2312 217 2368; x_wconf 85' lang='lat' dir='ltr'>Foedius</span> <span class='ocrx_word' id='word_1_186' title='bbox 235 2313 287 2367; x_wconf 87' lang='lat' dir='ltr'>hoe</span> <span class='ocrx_word' id='word_1_187' title='bbox 306 2308 412 2383; x_wconf 89' lang='lat' dir='ltr'>aliquid</span> <span class='ocrx_word' id='word_1_188' title='bbox 430 2313 595 2384; x_wconf 85' lang='lat' dir='ltr'>quandoque</span> <span class='ocrx_word' id='word_1_189' title='bbox 613 2315 726 2369; x_wconf 88' lang='lat' dir='ltr'>audebis</span> <span class='ocrx_word' id='word_1_190' title='bbox 746 2317 856 2374; x_wconf 84' lang='lat' dir='ltr'>amictu</span> 
     </span>
     <span class='ocr_line' id='line_1_30' title="bbox 98 2389 927 2462; baseline 0.006 -20"><span class='ocrx_word' id='word_1_191' title='bbox 98 2389 124 2442; x_wconf 90' lang='lat' dir='ltr'>N</span> <span class='ocrx_word' id='word_1_192' title='bbox 126 2406 186 2443; x_wconf 89' lang='lat' dir='ltr'>erne</span> <span class='ocrx_word' id='word_1_193' title='bbox 203 2393 318 2459; x_wconf 89' lang='lat' dir='ltr'>repente</span> <span class='ocrx_word' id='word_1_194' title='bbox 334 2391 409 2445; x_wconf 88' lang='lat' dir='ltr'>venit</span> <span class='ocrx_word' id='word_1_195' title='bbox 426 2391 611 2460; x_wconf 89' lang='lat' dir='ltr'>turpissimus:</span> <span class='ocrx_word' id='word_1_196' title='bbox 636 2392 771 2462; x_wconf 77' lang='lat' dir='ltr'>accipient</span> <span class='ocrx_word' id='word_1_197' title='bbox 787 2397 816 2448; x_wconf 92' lang='lat' dir='ltr'>te</span> <span class='ocrx_word' id='word_1_198' title='bbox 924 2439 927 2447; x_wconf 84' lang='lat'>.</span> 
     </span>
     <span class='ocr_line' id='line_1_31' title="bbox 99 2464 804 2536; baseline 0.011 -19"><span class='ocrx_word' id='word_1_199' title='bbox 99 2464 245 2520; x_wconf 89' lang='lat' dir='ltr'>Paullatim</span> <span class='ocrx_word' id='word_1_200' title='bbox 262 2467 310 2536; x_wconf 92' lang='lat' dir='ltr'>qui</span> <span class='ocrx_word' id='word_1_201' title='bbox 326 2466 408 2536; x_wconf 79' lang='lat' dir='ltr'>longa</span> <span class='ocrx_word' id='word_1_202' title='bbox 425 2466 500 2520; x_wconf 89' lang='lat' dir='ltr'>demi</span> <span class='ocrx_word' id='word_1_203' title='bbox 517 2467 677 2522; x_wconf 90' lang='lat' dir='ltr'>redimicula</span> <span class='ocrx_word' id='word_1_204' title='bbox 694 2474 804 2525; x_wconf 88' lang='lat' dir='ltr'>sumunt</span> 
     </span>
     <span class='ocr_line' id='line_1_32' title="bbox 99 2541 852 2613; baseline 0.003 -19"><span class='ocrx_word' id='word_1_205' title='bbox 99 2541 254 2608; x_wconf 81' lang='lat' dir='ltr'>Frontibus,</span> <span class='ocrx_word' id='word_1_206' title='bbox 273 2547 302 2596; x_wconf 90' lang='lat' dir='ltr'>et</span> <span class='ocrx_word' id='word_1_207' title='bbox 319 2544 379 2596; x_wconf 91' lang='lat' dir='ltr'>tote</span> <span class='ocrx_word' id='word_1_208' title='bbox 396 2559 511 2613; x_wconf 90' lang='lat' dir='ltr'>posuere</span> <span class='ocrx_word' id='word_1_209' title='bbox 528 2543 639 2598; x_wconf 89' lang='lat' dir='ltr'>monilia</span> <span class='ocrx_word' id='word_1_210' title='bbox 656 2545 732 2611; x_wconf 86' lang='lat' dir='ltr'>collo,</span> <span class='ocrx_word' id='word_1_211' title='bbox 850 2592 852 2596; x_wconf 88' lang='grc'><em>,</em></span> 
     </span>
     <span class='ocr_line' id='line_1_33' title="bbox 99 2617 856 2691; baseline 0.008 -20"><span class='ocrx_word' id='word_1_212' title='bbox 99 2619 195 2686; x_wconf 85' lang='lat' dir='ltr'>Atque</span> <span class='ocrx_word' id='word_1_213' title='bbox 213 2617 318 2671; x_wconf 88' lang='lat' dir='ltr'>Bonam</span> <span class='ocrx_word' id='word_1_214' title='bbox 335 2621 448 2673; x_wconf 88' lang='lat' dir='ltr'>tenerae</span> <span class='ocrx_word' id='word_1_215' title='bbox 466 2619 579 2688; x_wconf 86' lang='lat' dir='ltr'>placant</span> <span class='ocrx_word' id='word_1_216' title='bbox 595 2619 740 2675; x_wconf 88' lang='lat' dir='ltr'>abdomine</span> <span class='ocrx_word' id='word_1_217' title='bbox 757 2639 856 2691; x_wconf 90' lang='lat' dir='ltr'>percae</span> 
     </span>
     <span class='ocr_line' id='line_1_34' title="bbox 99 2694 787 2762; baseline 0.007 -16"><span class='ocrx_word' id='word_1_218' title='bbox 99 2694 137 2749; x_wconf 87' lang='lat' dir='ltr'>Ft</span> <span class='ocrx_word' id='word_1_219' title='bbox 153 2710 252 2762; x_wconf 85' lang='lat' dir='ltr'>magno</span> <span class='ocrx_word' id='word_1_220' title='bbox 270 2698 376 2749; x_wconf 91' lang='lat' dir='ltr'>cratere</span> <span class='ocrx_word' id='word_1_221' title='bbox 394 2695 481 2750; x_wconf 86' lang='lat' dir='ltr'>Deam</span> <span class='ocrx_word' id='word_1_222' title='bbox 490 2716 497 2760; x_wconf 92' lang='lat'>;</span> <span class='ocrx_word' id='word_1_223' title='bbox 520 2695 570 2750; x_wconf 89' lang='lat' dir='ltr'>sed</span> <span class='ocrx_word' id='word_1_224' title='bbox 586 2713 663 2750; x_wconf 90' lang='lat' dir='ltr'>more</span> <span class='ocrx_word' id='word_1_225' title='bbox 680 2697 787 2751; x_wconf 90' lang='lat' dir='ltr'>sinistre</span> 
     </span>
     <span class='ocr_line' id='line_1_35' title="bbox 99 2770 764 2840; baseline 0.006 -17"><span class='ocrx_word' id='word_1_226' title='bbox 99 2770 248 2839; x_wconf 79' lang='lat' dir='ltr'>Exagitata</span> <span class='ocrx_word' id='word_1_227' title='bbox 264 2771 360 2840; x_wconf 90' lang='lat' dir='ltr'>procul</span> <span class='ocrx_word' id='word_1_228' title='bbox 375 2788 429 2825; x_wconf 92' lang='lat' dir='ltr'>non</span> <span class='ocrx_word' id='word_1_229' title='bbox 447 2772 534 2826; x_wconf 91' lang='lat' dir='ltr'>intrat</span> <span class='ocrx_word' id='word_1_230' title='bbox 550 2772 652 2826; x_wconf 90' lang='lat' dir='ltr'>femina</span> <span class='ocrx_word' id='word_1_231' title='bbox 670 2772 764 2827; x_wconf 91' lang='lat' dir='ltr'>limen:</span> 
     </span>
    </p>

    <p class='ocr_par' dir='ltr' id='par_1_11' title="bbox 99 2846 811 2991">
     <span class='ocr_line' id='line_1_36' title="bbox 99 2846 811 2916; baseline 0.007 -16"><span class='ocrx_word' id='word_1_232' title='bbox 99 2846 168 2901; x_wconf 81' lang='lat' dir='ltr'>Solis</span> <span class='ocrx_word' id='word_1_233' title='bbox 184 2863 234 2901; x_wconf 87' lang='lat' dir='ltr'>ara</span> <span class='ocrx_word' id='word_1_234' title='bbox 252 2847 328 2901; x_wconf 88' lang='lat' dir='ltr'>Deae</span> <span class='ocrx_word' id='word_1_235' title='bbox 345 2847 465 2902; x_wconf 86' lang='lat' dir='ltr'>maribus</span> <span class='ocrx_word' id='word_1_236' title='bbox 482 2851 569 2916; x_wconf 89' lang='lat' dir='ltr'>patet.</span> <span class='ocrx_word' id='word_1_237' title='bbox 606 2848 651 2901; x_wconf 87' lang='lat' dir='ltr'>Ite</span> <span class='ocrx_word' id='word_1_238' title='bbox 669 2849 811 2916; x_wconf 82' lang='lat' dir='ltr'>profanae!</span> 
     </span>
     <span class='ocr_line' id='line_1_37' title="bbox 99 2922 753 2991; baseline 0.002 -14"><span class='ocrx_word' id='word_1_239' title='bbox 99 2922 254 2978; x_wconf 69' lang='lat' dir='ltr'>clamatur:</span> <span class='ocrx_word' id='word_1_240' title='bbox 277 2923 351 2976; x_wconf 89' lang='lat' dir='ltr'>nulle</span> <span class='ocrx_word' id='word_1_241' title='bbox 367 2924 453 2991; x_wconf 84' lang='lat' dir='ltr'>gemit</span> <span class='ocrx_word' id='word_1_242' title='bbox 470 2923 514 2977; x_wconf 92' lang='lat' dir='ltr'>hic</span> <span class='ocrx_word' id='word_1_243' title='bbox 531 2923 645 2978; x_wconf 89' lang='lat' dir='ltr'>tibicina</span> <span class='ocrx_word' id='word_1_244' title='bbox 663 2940 753 2978; x_wconf 88' lang='lat' dir='ltr'>comu.</span> 
     </span>
    </p>

    <p class='ocr_par' dir='ltr' id='par_1_12' title="bbox 99 2999 652 3068">
     <span class='ocr_line' id='line_1_38' title="bbox 99 2999 652 3068; baseline 0.004 -16"><span class='ocrx_word' id='word_1_245' title='bbox 99 2999 175 3052; x_wconf 85' lang='lat' dir='ltr'>&#39;lalia</span> <span class='ocrx_word' id='word_1_246' title='bbox 192 3002 298 3054; x_wconf 85' lang='lat' dir='ltr'>secreta</span> <span class='ocrx_word' id='word_1_247' title='bbox 315 2999 457 3055; x_wconf 89' lang='lat' dir='ltr'>coluerunt</span> <span class='ocrx_word' id='word_1_248' title='bbox 474 2999 551 3068; x_wconf 82' lang='lat' dir='ltr'>orgia</span> <span class='ocrx_word' id='word_1_249' title='bbox 567 3000 652 3054; x_wconf 88' lang='lat' dir='ltr'>taeda</span> 
     </span>
    </p>

    <p class='ocr_par' dir='ltr' id='par_1_13' title="bbox 100 3074 728 3222">
     <span class='ocr_line' id='line_1_39' title="bbox 100 3074 728 3145; baseline 0.002 -16"><span class='ocrx_word' id='word_1_250' title='bbox 100 3074 259 3145; x_wconf 81' lang='lat' dir='ltr'>Cecropiam</span> <span class='ocrx_word' id='word_1_251' title='bbox 276 3076 349 3131; x_wconf 91' lang='lat' dir='ltr'>soliti</span> <span class='ocrx_word' id='word_1_252' title='bbox 365 3075 474 3145; x_wconf 88' lang='lat' dir='ltr'>Baptae</span> <span class='ocrx_word' id='word_1_253' title='bbox 490 3076 591 3131; x_wconf 83' lang='lat' dir='ltr'>lassare</span> <span class='ocrx_word' id='word_1_254' title='bbox 610 3077 728 3145; x_wconf 84' lang='lat' dir='ltr'>Cotytto.</span> 
     </span>
     <span class='ocr_line' id='line_1_40' title="bbox 101 3150 720 3222; baseline 0.003 -18"><span class='ocrx_word' id='word_1_255' title='bbox 101 3150 341 3221; x_wconf 88' lang='lat' dir='ltr'>Ille&#39;supercilium</span> <span class='ocrx_word' id='word_1_256' title='bbox 357 3152 470 3207; x_wconf 88' lang='lat' dir='ltr'>madida</span> <span class='ocrx_word' id='word_1_257' title='bbox 485 3153 598 3222; x_wconf 83' lang='lat' dir='ltr'>fuligine</span> <span class='ocrx_word' id='word_1_258' title='bbox 615 3157 720 3208; x_wconf 89' lang='lat' dir='ltr'>tactum</span> 
     </span>
    </p>

    <p class='ocr_par' dir='ltr' id='par_1_14' title="bbox 101 3226 771 3301">
     <span class='ocr_line' id='line_1_41' title="bbox 101 3226 771 3301; baseline -0.004 -20"><span class='ocrx_word' id='word_1_259' title='bbox 101 3226 219 3297; x_wconf 86' lang='lat' dir='ltr'>Obliqua</span> <span class='ocrx_word' id='word_1_260' title='bbox 234 3227 363 3298; x_wconf 84' lang='lat' dir='ltr'>producit</span> <span class='ocrx_word' id='word_1_261' title='bbox 379 3246 432 3286; x_wconf 88' lang='lat' dir='ltr'>acu</span> <span class='ocrx_word' id='word_1_262' title='bbox 448 3229 596 3301; x_wconf 67' lang='lat' dir='ltr'>pingitque</span> <span class='ocrx_word' id='word_1_263' title='bbox 609 3232 771 3284; x_wconf 68' lang='lat' dir='ltr'>trementes</span> 
     </span>
    </p>
   </div>
   <div class='ocr_carea' id='block_1_3' title="bbox 0 0 1024 3510">
    <p class='ocr_par' dir='ltr' id='par_1_15' title="bbox 0 0 1024 3510">
     <span class='ocr_line' id='line_1_42' title="bbox 0 0 1024 3510; baseline 0 0"><span class='ocrx_word' id='word_1_264' title='bbox 0 0 1024 3510; x_wconf 95' lang='lat' dir='ltr'> </span> 
     </span>
    </p>
   </div>
  </div>
 </body>
</html>
