2040 3510
87 167 118 214 64
327 165 359 214 D.
377 166 395 213 J
398 165 482 214 UNII
499 166 517 214 J
521 166 709 216 UVENALIS
765 189 768 194 ¹

87 252 201 308 Erexit:
224 268 320 306 causas
340 252 505 306 discriminis
524 259 608 321 atque
626 253 727 308 laboris

87 327 157 382 Inde
177 329 283 384 hahuit.
317 329 406 382 Tanto
424 329 513 398 major
532 330 622 384 famae
638 332 697 384 sitis
713 335 756 386 est
775 349 857 400 quam
904 348 938 388 111

86 404 212 461 Virtutis
249 406 314 471 Quis
335 407 407 460 enirn
423 408 552 461 virtutem
572 408 748 476 amplectitur
767 408 862 476 ipsam,
892 456 895 460 .

87 480 213 536 Praemia
232 484 255 536 si
274 483 371 538 tollast
407 483 528 536 Patriam
547 487 639 537 tamen
661 484 752 537 obruit
771 484 834 539 olim

87 557 181 612 Gloria
199 575 353 629 paucorum,
373 564 402 614 et
418 559 507 613 laudis
526 555 655 628 titulique
675 560 775 629 cupido

87 633 205 687 Haesuri
225 636 296 688 saxis
316 630 437 689 cinerum
456 636 620 704 custodibus,
640 637 675 690 ad
695 653 765 705 quae

87 709 266 765 Discutienda
285 711 377 765 valent
395 711 503 769 sterilis,
515 712 588 765 mala
605 712 704 765 robora
723 712 798 779 ficus,
901 727 937 765 145

86 785 312 854 Quandoquidem
331 787 398 841 data
413 791 477 841 sunt
495 789 561 857 ipsis
581 805 689 857 quoque
707 789 765 842 fata
784 787 923 858 sepulcris.

86 861 220 931 Expende
240 863 438 928 Hannibalem;
462 870 529 930 quot
550 863 632 917 libras
648 866 676 917 in
695 865 765 918 duce
785 880 889 918 summo

86 936 228 993 Inveniesl
247 940 291 993 hio
310 946 353 994 est
372 957 453 1008 quem
469 957 523 993 non
543 942 616 1009 capit
636 939 732 993 Africa
752 940 850 993 Mauro

86 1014 218 1069 Percussa
237 1016 345 1070 Oceano
364 1016 481 1084 Niloque
499 1017 610 1070 admota
627 1015 741 1084 tepenti,

86 1091 190 1145 Rursus
210 1092 246 1145 ad
263 1092 432 1160 Aethiopum
446 1091 559 1160 populos
577 1093 699 1159 altosque
716 1091 882 1160 elephantos.
900 1108 937 1146 1so

86 1168 209 1222 Additur
228 1169 349 1237 imperiis
370 1168 516 1235 Hispania:
543 1167 711 1234 Pyrenaeum

86 1243 227 1299 Transilit:
251 1243 377 1313 opposuit
395 1247 495 1295 natura
515 1242 669 1312 Alpemque
688 1243 845 1311 nivemquc;

85 1318 198 1374 Diducit
218 1321 341 1389 scopulos
359 1324 390 1374 et
409 1325 529 1373 montem
548 1320 651 1389 rumpit
670 1324 753 1373 aceto.

84 1396 149 1448 Jam
168 1400 246 1450 tenet
266 1397 390 1460 ltaliam
412 1400 506 1449 tamen
521 1396 595 1449 ultra
612 1412 726 1464 pergere
744 1395 847 1449 tendit:

120 1473 266 1539 “Actum'’
276 1473 365 1540 inquit
377 1471 463 1524 “nihil
475 1475 525 1538 est,
535 1472 585 1524 uisi
596 1472 687 1525 Poeno
695 1471 780 1524 milite
792 1475 886 1540 portas
898 1487 933 1524 155

85 1548 248 1617 Frangimus
266 1551 296 1602 et
314 1548 405 1602 media
424 1548 554 1602 vexillum
573 1565 642 1616 pono
662 1546 807 1602 Suburra''

84 1625 108 1677 Ο
128 1625 215 1693 qualis
233 1626 317 1679 facies
335 1628 365 1678 et
385 1624 457 1693 quali
478 1624 561 1693 digna
579 1625 688 1692 tabella,

85 1703 173 1766 Quum
194 1702 312 1757 Gaetula
330 1702 428 1755 ducem
446 1704 571 1770 portaret
589 1702 679 1756 bellua
697 1704 815 1756 luscum!

84 1778 182 1833 Exitus
202 1796 267 1847 ergo
287 1779 348 1846 quis
367 1779 427 1832 estl
461 1777 485 1831 Ο
505 1778 606 1846 gloria!
632 1779 749 1832 vincitur
766 1777 842 1832 idem

83 1854 190 1924 Nempe
208 1860 237 1909 et
255 1856 283 1908 in
302 1855 427 1908 exsihum
446 1870 577 1924 praeceps
595 1854 667 1922 fugit
691 1858 776 1922 atque
797 1853 835 1908 ibi
859 1871 932 1923 mag-

152 1949 202 1984 nus
897 1946 933 1984 mo

84 2007 281 2076 Mirandusque
299 2008 382 2061 cliens
402 2008 481 2062 sedet
502 2007 538 2060 ad
557 2007 695 2076 praetoria
713 2007 793 2075 regis,

84 2085 176 2138 Donec
196 2085 314 2152 Bithyno
333 2083 417 2138 libeat
436 2083 548 2150 vigilare
566 2087 689 2152 tyranno.

84 2161 179 2214 Finem
197 2162 302 2214 animae
321 2176 391 2228 quae
410 2176 454 2213 res
473 2161 603 2213 humanas
621 2159 729 2212 miscuit
748 2159 812 2212 olim

83 2236 145 2289 Non
164 2236 255 2305 gladii,
274 2253 327 2289 111111
348 2252 414 2289 saxa
433 2235 545 2302 dabunt,
564 2239 614 2288 nec
633 2235 705 2300 tela;
728 2235 777 2289 sed
795 2235 840 2288 ille

84 2313 236 2368 Cannarum
251 2312 351 2365 vindex
370 2317 400 2366 et
418 2312 489 2365 tanti
509 2312 645 2379 sanguinis
664 2312 745 2377 ultor,
896 2326 930 2363 1115

83 2389 217 2442 Annulus.
253 2389 276 2455 l,
295 2387 414 2454 demens,
431 2393 460 2440 et
478 2404 571 2441 saevas
591 2403 669 2440 curre
687 2403 737 2454 per
756 2387 851 2457 Alpes,

82 2464 123 2518 Ut
141 2464 234 2534 pueris
252 2464 360 2532 placeas
376 2468 404 2517 et
423 2462 584 2517 declamatio
605 2463 662 2516 fias.

82 2540 159 2594 Unus
179 2541 289 2593 Pellaeo
303 2539 398 2608 juveni
417 2555 471 2592 non
490 2539 589 2592 sufficit
608 2539 696 2605 orbis3

83 2621 203 2672 Aestuat
221 2616 315 2669 infelix
335 2619 451 2684 angusto
467 2614 555 2668 limite
574 2615 677 2681 mundi,

82 2693 122 2747 Ut
141 2693 223 2761 Gyari
243 2692 348 2746 clausus
367 2691 482 2761 scopulis
500 2708 639 2760 parvaque
658 2691 780 2760 Seripho.
893 2705 929 2743 170

83 2770 172 2834 Quum
191 2773 284 2822 tamen
303 2786 319 2822 a
337 2767 428 2836 figulis
446 2769 580 2821 munitam
599 2768 744 2822 intraverit
762 2765 866 2833 urbem,

81 2845 254 2914 sarcophago
272 2847 418 2899 contentus
436 2844 495 2899 erit.
531 2844 607 2897 Mors
626 2844 683 2897 sola
701 2843 805 2896 fatetur

82 2923 219 2987 Quantula
237 2923 293 2976 sint
311 2921 450 2975 hominum
468 2921 633 2991 corpuscula
671 2919 801 2974 Creditur
819 2919 882 2972 olim

80 2999 239 3053 velificatus
259 2998 356 3065 Athos,
374 3002 403 3051 et
423 2998 558 3066 quidquid
577 2997 696 3052 Graecia
709 2996 828 3049 mendax

75 3075 177 3126 Audet
196 3075 223 3126 in
243 3075 371 3138 historia3
394 3079 561 3128 constratum
582 3073 712 3127 classibus
731 3073 819 3126 isdem
894 3087 929 3125 175

56 3145 303 3218 Suppositamque
322 3150 394 3205 rotis
414 3150 535 3205 solidum
551 3167 645 3215 mare,
665 3149 804 3202 credimus
820 3148 893 3200 altos

38 3211 195 3272 001‘001‘880
209 3238 316 3280 amaea
337 3231 483 3302 epotaque
504 3229 624 3286 fiumina
635 3225 726 3282 Medo
