2040 3510
85 155 116 207 72
320 156 353 206 D.
370 157 476 208 JUNII
492 157 702 208 JUVENALIS

86 243 243 299 Castrorum
259 244 381 314 imperiis
398 247 428 299 ct
445 244 594 299 Dictatoris
611 245 713 300 honore

86 319 207 374 Functus
225 320 262 374 ad
279 320 327 374 hos
345 321 438 389 epulas
456 321 535 375 solito
552 321 685 376 maturius
702 321 768 394 ibat,

87 395 218 449 Erectum
236 395 340 450 domito
358 397 480 450 referens
498 414 514 450 a
532 400 625 451 monte
642 398 767 465 ligonem.

86 470 177 535 Quum
194 475 344 526 tremerent
359 475 452 526 autem
469 471 567 527 Fabios
583 472 737 541 diuumque
754 474 887 531 Catonem
909 490 935 531 eo

85 547 121 600 nt
140 548 253 601 Scauros
271 552 300 602 et
319 548 467 616 Fabricios,
485 554 623 620 postremo
641 566 749 606 severos

84 622 208 677 Censoris
227 641 316 678 mores
333 624 417 678 etiam
436 625 538 693 collega
555 625 675 694 timeret,

83 699 171 753 Nemo
189 700 261 753 inter
279 717 358 755 curas
375 703 406 755 et
423 700 494 754 seria
511 701 592 755 duxit
609 701 774 771 habendum,

84 777 176 841 Qualis
193 777 222 831 in
240 776 340 831 Oceani
360 777 446 832 fluctu
464 778 574 833 testudo
591 781 708 847 nataret,

84 852 195 906 Clarum
213 851 373 921 Trojugenis
390 854 497 909 factura
513 871 545 908 ac
562 854 653 909 nobile
670 855 801 920 fulcrum3
909 871 933 910 ae

83 927 138 982 Sed
155 928 229 982 nudo
246 929 332 983 latere
350 933 380 983 et
396 929 487 999 parvis
504 930 579 984 frons
596 946 677 984 aerea
693 930 772 985 lectis

83 1003 146 1058 Vile
164 1005 285 1059 coronati
302 1009 386 1075 caput
403 1005 567 1062 ostendebat
584 1007 668 1075 aselli,

85 1080 132 1133 Ad
149 1081 224 1150 quod
241 1081 334 1135 lascivi
351 1081 484 1136 ludebant
501 1082 573 1137 ruris
592 1083 698 1138 alumni

83 1157 161 1210 Tales
179 1173 244 1224 ergo
262 1157 315 1211 cibi
334 1157 422 1227 qualis
440 1157 536 1212 domus
555 1162 639 1228 atque
656 1160 785 1229 supellex.

117 1233 192 1286 Tunc
209 1233 286 1287 rudis
303 1237 333 1288 ct
351 1234 448 1288 Graias
466 1234 559 1288 mirari
576 1235 682 1288 nescius
700 1240 781 1303 artes,
897 1252 932 1292 rso

83 1309 205 1363 Urbibus
223 1310 332 1378 eversis,
351 1309 518 1380 praedarum
535 1311 564 1364 in
581 1315 661 1381 parte
678 1316 789 1380 reperta

81 1385 245 1452 Magnorum
262 1386 399 1439 artificum
417 1385 562 1454 frangebat
579 1387 677 1456 pocula
693 1388 779 1454 miles,

82 1461 121 1515 Ut
139 1461 257 1530 phaleris
274 1461 409 1530 gauderet
432 1479 526 1530 equare,
544 1463 701 1532 caelataque
719 1463 802 1519 cassis

82 1537 231 1592 Romuleae
248 1538 392 1593 simulacra
409 1538 483 1593 ferae
500 1555 689 1593 mansuescere
702 1537 797 1608 jussae

81 1613 196 1682 Imperii
213 1613 278 1682 fato,
295 1616 418 1683 geminos
436 1614 486 1670 sub
503 1631 573 1685 rupe
591 1615 725 1684 Quirinos,
894 1630 930 1672 roo

81 1693 124 1743 Ac
141 1689 244 1744 nudam
261 1691 379 1759 effigiem
396 1691 483 1761 clipeo
500 1691 635 1745 venientis
652 1695 682 1746 et
698 1691 779 1747 hasta

81 1765 285 1836 Pendentisque
303 1768 349 1823 dci
365 1768 488 1837 perituro
505 1767 665 1822 ostenderet
682 1767 763 1823 hosti.

81 1843 200 1911 Argenti
217 1843 292 1912 quod
310 1848 372 1899 erat
388 1845 451 1899 solis
467 1843 592 1912 fulgebat
608 1844 637 1898 in
654 1845 745 1900 armis.

80 1917 224 1973 Ponebent
241 1920 325 1988 igitur
343 1920 430 1975 Tusco
446 1921 551 1975 farrata
567 1919 673 1986 catiu03

81 1995 179 2048 Omnia
195 1999 261 2050 tunc
280 1995 378 2065 quibus
395 1995 517 2050 inrideas
534 1996 557 2050 si
574 1995 702 2051 lividulus
720 1996 764 2051 sis.
893 2014 929 2054 rro

79 2071 252 2140 Templorum
270 2089 379 2140 quoque
397 2070 526 2139 majestas
542 2072 713 2142 praesentior
730 2076 759 2126 et
776 2087 829 2128 vox

79 2147 168 2201 Nocte
186 2148 244 2203 fere
261 2148 352 2202 media
367 2146 540 2216 mediamque
557 2147 653 2202 audita
669 2164 720 2217 per
737 2147 849 2217 Urbem,

78 2223 173 2278 Litore
192 2225 227 2278 ab
248 2223 357 2278 Oceano
379 2223 464 2278 Gallis
481 2223 653 2278 venientibus
671 2227 701 2278 et
722 2222 765 2278 dis

80 2298 206 2354 Officium
226 2300 296 2354 vatis
314 2298 516 2370 peragentibus.
550 2299 603 2354 His
623 2299 729 2354 monuit
747 2315 805 2364 nos,

79 2375 159 2430 Hauc
177 2376 258 2431 rebus
278 2375 364 2432 Latiis
383 2390 477 2430 curam
495 2378 634 2445 praestare
653 2375 759 2432 solebat
890 2393 926 2432 ue

78 2451 184 2509 Fictilis
205 2457 234 2508 et
252 2453 327 2508 nullo
345 2452 460 2507 violatus
479 2451 612 2523 Juppiter
630 2468 705 2506 auro.

78 2529 131 2583 Illa
149 2529 224 2583 dorni
242 2533 321 2584 natas
341 2532 490 2597 nostreque
508 2545 543 2582 ex
562 2526 660 2582 arbore
679 2545 788 2583 mensas

77 2606 212 2676 Tempora
229 2604 369 2660 viderunt:
393 2603 442 2657 hos
460 2603 563 2672 lignum
581 2603 675 2659 stabat
693 2604 722 2658 in
740 2621 813 2672 usus,

78 2684 219 2735 Anuosam
237 2680 260 2734 si
281 2679 351 2733 forte
370 2694 469 2733 nucem
488 2677 627 2747 dejecerat
646 2679 743 2734 Eurus.

77 2758 118 2812 At
136 2771 208 2809 nunc
227 2754 356 2809 dintibus
374 2753 507 2809 coenandi
525 2753 599 2808 nulla
616 2755 751 2825 voluptm,
887 2768 923 2808 rao

76 2832 123 2886 Nil
141 2831 279 2901 rhombus,
297 2830 336 2884 nil
357 2830 439 2885 dama
456 2830 536 2900 sapit,
554 2832 654 2900 putere
673 2830 801 2885 videntur

76 2909 225 2977 Unguenta
242 2912 326 2977 atque
344 2922 429 2975 rosae,
448 2906 517 2962 latos
536 2904 588 2960 nisi
607 2905 723 2961 sustinet
741 2905 820 2960 orbes

76 2984 187 3040 Grande
206 2985 274 3039 ebur
292 2986 323 3038 et
341 2999 439 3051 magno
460 2981 582 3036 sublimis
601 2981 706 3051 pardus
723 2981 809 3050 hiatu,

75 3061 212 3116 Dentibus
231 3077 265 3114 ex
284 3060 336 3114 illis
355 3075 423 3128 quos
441 3058 529 3113 mittit
545 3061 627 3126 porta
648 3057 749 3128 Syenes

54 3133 98 3182 Et
115 3135 217 3186 Maurr'
231 3136 338 3190 celeres
357 3138 387 3190 et
405 3133 508 3190 Mauro
528 3133 669 3189 obscurior
687 3133 786 3201 ludus,
886 3148 923 3188 uo

34 3196 80 3248 El
98 3217 174 3266 quos
193 3207 332 3276 deposuit
351 3209 528 3270 Nabamooo
547 3208 645 3268 bellua
661 3209 739 3269 saltu
