2040 3510
426 195 557 246 SATIRA
573 198 597 246 Ι.
923 212 938 251 t

89 285 271 356 Instituitque
286 285 370 340 rudes
387 285 484 341 melior
501 286 620 342 Locusta
636 288 805 358 propinquas

88 362 142 416 Per
159 363 258 416 famam
276 365 305 416 et
322 363 453 431 populum
471 363 563 432 nigros
580 364 679 418 efferre
696 367 816 421 maritos.

87 438 170 492 Aude
187 439 290 508 aliquid
307 436 437 492 brevibus
455 439 552 507 Gyaris
570 446 599 494 et
616 457 724 495 carcere
742 442 864 511 dignum,

87 515 117 569 Si
135 515 176 569 vis
194 531 254 569 esse
271 516 384 584 aliquis:
407 515 534 569 Probitas
551 515 681 570 laudatur
698 521 728 572 et
745 518 825 587 alget

87 591 252 646 Criminibus
270 592 375 646 debent
391 591 494 660 hortos,
511 592 655 661 praetoria,
673 610 789 662 mensas,
915 611 938 651 7⁵

87 670 242 736 Argentum
260 672 340 722 vetus
358 672 387 722 et
404 671 523 722 stantem
541 672 620 722 extra
636 669 733 737 pocula
749 686 869 739 caprum.

88 745 175 810 Quem
192 746 299 814 patitur
315 745 435 799 dormire
451 761 537 798 nurus
554 748 697 814 corruptor
713 761 818 814 avarae,

87 821 175 886 Quem
193 839 308 892 sponsae
327 826 423 891 turpes
440 826 468 876 et
486 824 679 891 praetextatus
697 822 823 877 adulteri

74 897 115 951 'Si
132 901 231 952 natura
249 901 341 968 negat,
358 898 426 952 lacit
443 898 595 966 indignatio
612 914 731 966 versum,

87 973 309 1044 Qualemcunque
327 978 433 1044 potest:
455 974 550 1043 qdales
569 990 619 1042 ego
638 974 682 1028 vel
703 973 857 1030 Cluvieuus.
912 993 938 1031 so

121 1050 164 1104 Ex
183 1068 237 1120 quo
257 1051 413 1118 Deucalion,
431 1050 532 1105 nimbis
549 1050 710 1105 tollentibus
729 1068 839 1120 aequor,

86 1125 202 1195 Navigio
220 1132 341 1183 montem
360 1128 485 1182 ascendit
503 1132 646 1196 sortesque
664 1128 795 1196 poposcit,

86 1203 286 1274 Paullatimque
305 1205 395 1259 anima
412 1205 555 1259 caluerunt
572 1203 664 1257 mollia
681 1220 753 1270 saxa,

85 1280 122 1334 Et
140 1281 259 1336 maribus
278 1281 366 1337 nudas
385 1281 507 1336 ostendit
526 1281 630 1349 Pyrrha
646 1280 758 1350 puellas,
803 1306 805 1310 ·
876 1314 878 1321 ‹

85 1357 226 1427 Quidquid
243 1363 329 1428 agrmt
347 1360 598 1428 homines,votum,
616 1359 705 1424 timor,
723 1358 772 1425 ira,
788 1357 922 1427 voluptas,

84 1434 198 1502 Gaudia,
217 1435 361 1504 discursus,
379 1438 465 1490 nostri
483 1438 527 1489 est
545 1437 652 1504 farrago
669 1434 762 1488 libelli.
911 1451 934 1487 so
982 1456 984 1461 ’

84 1512 121 1565 nt
139 1514 249 1581 quaudo
266 1513 377 1567 uberior
395 1513 523 1567 vitiorum
542 1514 636 1582 copial
655 1510 763 1581 quaudo

84 1588 175 1658 Major
193 1590 324 1644 avaritiae
342 1590 434 1660 patuit
453 1592 546 1645 sinusl
564 1591 623 1644 alea
642 1587 752 1659 quando

86 1665 145 1719 Hos
164 1666 284 1721 animosi
303 1679 305 1685 ·
322 1668 420 1735 b'eque
439 1669 512 1721 enim
531 1666 626 1720 loculis
646 1662 840 1718 comitantibus
855 1665 912 1717 itur

84 1741 133 1794 Ad
150 1758 240 1796 casum
257 1743 375 1809 tabulae,
394 1743 483 1812 posita
502 1742 552 1796 sed
572 1741 677 1796 luditur
696 1755 765 1794 arca.
909 1755 934 1792 so

84 1816 191 1871 Proelia
209 1821 311 1886 quanta
326 1819 382 1872 illic
400 1819 589 1888 dispensatore
607 1817 714 1872 videbis

84 1894 244 1964 Armigerol
282 1895 438 1965 Simplexne
456 1895 534 1948 furor
551 1895 680 1948 sestertia
697 1896 806 1948 centum

83 1969 204 2025 Perdere
221 1974 251 2025 et
264 1971 388 2026 horrenti
408 1971 530 2026 tunicam
548 1988 602 2025 non
618 1970 737 2025 reddere
754 1972 850 2024 servol

82 2047 149 2111 Quis
166 2049 283 2102 totidem
300 2051 388 2103 erexit
407 2049 492 2117 villas,
511 2048 572 2118 quis
590 2047 692 2101 fercula
711 2049 817 2116 septem

82 2124 194 2179 Secreto
212 2125 337 2180 coenavit
355 2126 438 2179 avusl
475 2125 555 2178 Nunc
575 2123 698 2193 sportula
715 2123 804 2192 primo
908 2142 932 2180 ss

81 2201 186 2255 Limine
203 2217 287 2271 parva
307 2202 392 2268 sedet,
412 2201 509 2255 turbae
527 2200 659 2270 rapienda
676 2202 794 2268 togatae.

81 2276 133 2331 Ille
152 2282 244 2332 tamen
263 2278 360 2332 facicm
379 2278 455 2347 prius
472 2278 583 2346 inspicit
600 2280 630 2331 et
644 2276 774 2345 trepidat,
790 2291 826 2330 ue

80 2352 244 2424 Suppositus
260 2355 354 2409 venias
371 2371 402 2408 ac
420 2354 490 2407 falso
509 2354 618 2407 nomine
635 2368 738 2423 poscas.

80 2431 200 2499 Agnitus
217 2431 347 2499 accipies3
361 2429 445 2497 jubet
464 2448 480 2484 a
498 2446 632 2499 praecone
650 2429 740 2482 vocari

80 2506 159 2574 Ipsos
178 2506 354 2576 Trojugenas,
373 2524 435 2560 nam
454 2510 557 2560 vexant
575 2506 657 2559 limen
677 2509 706 2559 et
723 2503 776 2573 ipsi
894 2523 930 2560 roo

78 2583 235 2638 Nobiscum.
270 2583 314 2637 Da
330 2583 461 2650 Praetori,
481 2583 517 2636 da
536 2581 637 2636 deinde
653 2579 779 2635 Tribuno.

78 2659 135 2713 Sed
153 2661 299 2716 libertinus
314 2659 390 2729 prior
406 2664 456 2714 est.
491 2658 615 2725 “Prion'’
628 2658 725 2727 iuquit,
738 2660 805 2727 “ego
816 2661 928 2715 adsum:

78 2735 135 2789 Cur
153 2737 265 2792 timeam
284 2736 441 2790 dubitemve
457 2736 545 2790 locum
561 2734 716 2801 defendere,
736 2736 859 2804 quamvis

76 2811 169 2867 Natus
187 2813 224 2866 ad
239 2813 406 2884 Euphraten,
426 2813 522 2867 molles
532 2811 606 2882 quod
621 2811 650 2864 in
665 2826 731 2865 aure
750 2812 888 2867 fenestrae

77 2889 229 2956 Arguerint
246 2891 311 2945 licet
328 2892 387 2960 ipse
402 2907 515 2960 negem:
535 2890 584 2944 sed
599 2889 720 2960 quinque
735 2887 867 2943 tabernae
891 2905 926 2943 105

77 2963 284 3036 Quadringenta
307 2971 412 3038 parant.
448 2967 522 3033 Quid
538 2967 644 3022 confert
663 2981 785 3035 purpura
802 2966 891 3034 major

77 3040 243 3111 optandum,
262 3043 286 3096 si
304 3043 434 3097 Laurenti
453 3043 574 3098 custodit
591 3044 621 3097 in
638 3058 704 3110 agro

76 3116 232 3173 conductas
253 3120 385 3173 Corvinus
405 3121 487 3174 ovesl
509 3136 560 3188 ego
579 3119 705 3190 possideo
725 3119 786 3187 plus

75 3192 201 3248 Pallante
220 3198 250 3249 et
269 3194 394 3250 bicinis.’'
431 3195 605 3266 Exspectant
623 3209 694 3260 ergo
704 3191 856 3245 nusum-s

73 3268 194 3325 Vincunt
211 3269 332 3342 divitiae,
350 3290 430 3329 sucro
445 3290 504 3329 nec
521 3270 611 3328 cedat
623 3264 739 3322 uanum

876 3327 930 3362 WB

933 3255 980 3286 m
