2040 3510
112 161 142 208 62
211 201 214 208 .
345 163 378 215 D.
393 162 500 215 JUNII
516 160 726 212 JUVENALIS

112 249 191 319 Ipsos
209 250 309 306 deinde
326 256 401 308 rotas
418 254 544 321 bigarum
560 253 681 322 impacta
697 253 798 308 securis

112 325 219 393 Caedit,
231 333 260 383 et
277 326 420 384 immeritis
436 331 602 398 franguntur
619 347 700 384 crura
717 329 835 385 caballis.
934 339 959 378 ⁰0

110 401 130 453 J
132 418 175 455 am
194 403 316 458 stridunt
333 405 416 472 ignes,
430 404 491 473 jam
507 405 616 460 follibus
634 410 718 474 atque
735 406 847 459 caminis
918 445 920 450 .

111 479 203 533 Ardet
219 479 363 534 adoratum
381 481 482 550 populo
498 484 588 550 caput,
607 486 637 536 et
654 486 751 552 crepat
767 482 864 550 ingens

110 552 243 622 Sejanus:
262 555 364 610 deinde
382 574 417 610 ex
435 557 504 610 facie
522 559 582 610 toto
599 556 665 611 orbe
682 557 803 612 secunda

111 629 194 683 Fiunt
211 632 319 700 urceoli,
336 632 436 701 pelves,
455 636 571 700 sartago,
590 633 717 702 patellae.

110 704 185 759 Pone
203 706 277 761 domi
294 708 392 777 lauros,
411 708 464 761 duc
481 708 510 761 in
529 707 664 777 Capitolia
681 726 810 778 magnum
933 720 957 762 os

111 781 306 851 cretatumque
323 785 438 838 bovem:
456 783 570 853 Sejanus
589 784 697 839 ducitur
714 802 784 840 unco

109 857 297 927 Spectandus:
314 861 436 928 gaudent
454 877 555 915 omnes.
591 862 690 927 “Quae
708 862 799 916 labra!
819 862 880 931 quis
897 862 936 914 illi

109 933 209 987 Vultus
228 939 300 990 erat!
318 953 465 1005 nunquam,
483 939 506 991 si
524 937 591 1006 quid
608 937 674 991 mihi
691 938 789 1003 credis,
807 938 895 990 amavi

109 1009 191 1064 Hunc
209 1010 360 1078 hominem;
375 1013 425 1066 sed
442 1030 496 1081 quo
512 1014 612 1068 cecidit
623 1013 674 1068 sub
688 1013 816 1066 crimine?
830 1013 956 1080 quisnam

109 1084 230 1154 Delator,
248 1088 346 1156 quibus
363 1088 478 1155 iudiciis,
497 1106 552 1157 quo
569 1094 643 1144 teste
660 1089 786 1158 probavit
797 1089 829 1142 l’'
932 1104 956 1144 νο

109 1162 178 1216 “Nil
195 1162 309 1217 horum:
327 1164 442 1217 verbosa
460 1169 489 1217 ct
507 1165 617 1231 grarmis
635 1165 751 1233 epistola
768 1164 843 1217 venit

109 1239 136 1292 A
149 1239 284 1308 Capreis.”
296 1241 311 1266 “
320 1238 504 1304 Benehabet;
515 1239 553 1292 uil
565 1241 625 1308 plus
637 1241 801 1306 interrogo.''
820 1239 876 1294 Sed
888 1241 955 1306 quid

109 1315 199 1369 Turba
217 1315 316 1369 Remil
351 1315 481 1383 Sequitur
498 1316 635 1368 fortunam
652 1319 685 1368 ut
702 1332 818 1385 semper,
831 1319 860 1370 et
878 1316 938 1369 odit

108 1391 266 1445 Damnatos.
301 1391 381 1445 Idem
398 1391 520 1460 populus,
539 1390 562 1443 si
579 1390 605 1442 N
606 1391 678 1445 urtia
696 1391 781 1444 Tusco

108 1467 238 1534 Favisset,
255 1468 279 1520 si
297 1483 425 1536 oppressa
442 1467 513 1520 foret
530 1482 625 1520 secura
641 1470 765 1520 senectus
930 1483 953 1521 rs

108 1543 248 1611 Principis,
266 1543 317 1596 hac
333 1542 393 1610 ipsa
411 1541 540 1609 Sejanum
558 1541 662 1596 diceret
679 1542 748 1596 hora

108 1619 272 1686 Augustum.
306 1619 371 1672 Jam
389 1618 505 1688 pridem,
524 1635 559 1672 ex
578 1636 631 1687 quo
649 1618 778 1686 suffragia
795 1619 862 1673 nulli

107 1695 266 1762 Vendimus,
284 1694 380 1748 effudit
397 1711 484 1749 curas.
521 1695 592 1748 Nam
611 1695 657 1763 qui
675 1695 759 1749 dabat
775 1695 838 1748 olim

108 1771 266 1840 Imperium,
284 1771 378 1837 fasces,
397 1771 525 1839 legiones,
544 1771 640 1838 omnia,
658 1787 730 1823 nunc
747 1787 777 1824 se

107 1847 236 1902 Continet
253 1850 336 1914 atque
354 1846 422 1900 duas
440 1851 549 1901 tantum
566 1864 610 1901 res
628 1846 723 1899 anxius
742 1849 827 1915 optat,
928 1863 953 1900 so

107 1923 209 1977 Panem
227 1927 256 1978 et
274 1923 419 1977 Circenses.
456 1923 620 1977 “Perituros
638 1920 719 1975 audio
737 1923 861 1978 multos.'’

107 2000 176 2053 “Nil
186 1999 317 2054 dubium:
334 2016 433 2067 magna
451 2003 494 2053 est
513 1999 664 2052 fornacula:
683 1998 829 2067 pallidulus
846 2001 884 2053 mi

106 2076 248 2130 Brutidius
265 2092 341 2129 meus
358 2074 395 2128 ad
413 2075 512 2128 Martis
529 2075 582 2129 fuit
599 2075 693 2128 obvius
711 2092 792 2128 aram

107 2153 194 2218 Quam
212 2152 295 2206 timeo
312 2151 401 2206 victus
418 2168 454 2204 ne
469 2167 571 2220 poenas
583 2151 675 2216 exigat
694 2149 775 2218 Ajax,

105 2228 146 2282 Ut
164 2228 235 2282 male
252 2227 395 2282 defensus!
434 2227 579 2281 Curramus
596 2225 768 2295 praecipites,
786 2230 815 2280 et
927 2245 951 2282 ss

106 2304 179 2358 Dum
192 2303 268 2372 jacet
284 2304 312 2357 in
328 2303 389 2373 ripa
406 2303 539 2358 calcemus
559 2301 681 2355 Caesaris
699 2301 812 2355 hostem.

106 2381 162 2435 Sed
180 2381 291 2434 videant
309 2380 386 2446 servi,
403 2396 439 2434 ne
456 2380 517 2449 quis
535 2382 617 2445 neget
638 2381 667 2431 et
685 2378 816 2446 pavidum
831 2379 859 2430 in
874 2380 921 2446 jus

106 2457 217 2512 Cervioe
236 2456 367 2511 obstricta
386 2455 525 2509 dominum
544 2454 660 2508 trahat.'’
697 2453 736 2505 Hi
755 2470 891 2508 sermones

105 2533 180 2587 Tunc
200 2532 235 2586 de
254 2532 359 2600 Sejano,
378 2536 484 2586 secreta
502 2532 569 2585 haec
588 2547 728 2583 murmura
745 2529 825 2597 vulgi

104 2609 191 2664 Visne
209 2609 322 2663 salutari
342 2608 413 2662 sicut
431 2608 563 2677 Sejanusl
580 2606 680 2660 habere
926 2625 950 2661 eo

104 2684 282 2751 Tantundem,
306 2689 388 2753 atque
402 2685 442 2738 illi
461 2700 579 2738 summas
601 2683 703 2736 donare
724 2682 837 2750 curules,

103 2763 187 2816 lllum
205 2761 372 2816 exercitibus
390 2761 577 2830 praeponeret
595 2762 672 2812 tutor
689 2758 783 2810 haberi

104 2838 237 2906 Principis
257 2841 373 2907 angusta
390 2837 556 2906 Caprearum
574 2836 603 2889 in
624 2851 693 2903 rupe
713 2834 835 2888 sedentis

104 2915 173 2970 Cum
191 2932 275 2983 grege
293 2913 449 2968 Chaldaeo'l
484 2912 533 2966 Vis
551 2916 626 2966 certo
644 2911 707 2980 pila,
727 2910 860 2976 cohortes,

103 2983 235 3052 Egregios
252 2984 359 3052 equites
376 2985 406 3036 et
423 2985 512 3036 eastra
530 2981 685 3034 domestica.
723 2978 821 3044 Quidni
925 2994 950 3032 ss

100 3059 182 3112 Haec
200 3060 311 3128 cupiasl
330 3063 358 3113 et
380 3057 427 3128 qui
444 3057 540 3112 nolunt
560 3056 683 3110 occidere
702 3071 856 3123 quenquam
987 3123 989 3126 Α

81 3130 172 3181 Posse
186 3134 287 3186 volunt,
325 3134 385 3188 Sed
397 3151 472 3204 quae
488 3133 633 3205 praeclara
649 3135 679 3186 et
695 3147 830 3200 prospera
842 3134 955 3184 tantum

64 3194 109 3246 Ist
124 3201 216 3256 rebus
232 3206 323 3263 laetis
338 3211 456 3280 parsit
474 3228 610 3270 mensura
630 3207 792 3265 malorumt
