2040 3510
413 168 546 217 sarran
564 168 612 216 vr.
837 177 839 180 ⁴
896 173 942 219 us

91 258 180 314 Vicini
198 263 292 314 nostro
308 260 373 326 quia
390 256 528 324 pinguior:
553 260 582 310 et
601 256 625 310 si
642 257 710 311 adeo
727 273 820 312 omnes

90 335 234 388 Ditescaut
251 333 304 386 orti
321 331 468 401 pejoribus,
486 349 571 403 usquc
588 349 711 387 recusem
734 343 736 346 ’
919 349 943 388 15

90 412 195 465 Curvus
211 411 247 470 ob
264 409 294 462 id
312 409 398 462 minui
416 408 498 475 senio,
516 413 565 463 aut
583 425 698 464 coenare
716 410 774 465 sine
792 415 884 475 uncto,

90 487 250 557 disignum
268 485 297 538 in
315 484 415 553 vapida
432 501 497 538 uaso
514 484 639 554 tetigisse
657 485 760 554 lagena.

90 564 234 632 Discrepet
251 562 315 615 hinc
333 562 407 615 alius
444 561 579 628 Geminos,
598 561 755 633 horoscope,
772 580 837 617 vero

91 639 221 693 Producis
238 638 338 692 Genio:
362 637 424 692 solis
442 638 578 692 natalibus
595 641 639 692 est
656 639 704 709 qui

89 716 187 783 'lingat
205 714 264 768 olus
281 715 381 768 siceum
398 714 487 767 muria
505 713 580 767 vafer
598 715 627 767 in
645 715 728 770 calice
746 721 846 786 empta,
917 733 941 769 ao

90 791 154 860 lpse
166 808 273 845 sacrum
285 790 403 844 irrorans
414 789 526 858 patinae
538 790 632 859 piper;
648 790 692 844 hic
703 792 776 846 bona
788 792 870 846 dente

89 867 210 920 Grandia
227 867 416 933 magnanimus
433 865 542 934 peragit
558 881 634 932 puer.
669 864 741 919 Utar
758 883 814 933 ego,
833 870 903 930 utar,

91 943 114 994 N
117 959 148 995 ec
165 941 292 995 rhombos
308 941 370 995 ideo
387 941 494 995 libertis
511 956 612 1008 ponere
629 941 727 1007 lautus,

90 1018 147 1071 Nec
165 1021 277 1070 tenuem
295 1016 389 1071 sollers
407 1016 551 1071 turdarum
569 1033 649 1070 nosse
668 1017 787 1072 salivam.

90 1094 179 1147 Messe
195 1097 275 1147 tenus
292 1094 403 1162 propria
420 1094 488 1160 vive,
507 1098 536 1147 et
551 1093 686 1160 granaria,
704 1094 755 1163 (fas
773 1098 834 1162 est)
914 1110 938 1148 25

90 1169 192 1223 Emole.
215 1169 288 1234 Quid
299 1171 422 1224 metuasi
435 1187 506 1236 occa,
519 1175 549 1224 et
560 1187 638 1238 seges
649 1170 738 1225 altera
749 1171 777 1224 in
789 1170 874 1225 herba
885 1177 934 1226 est.

90 1247 143 1299 Ast
161 1250 239 1300 vocet
256 1245 388 1311 officiuim
411 1247 491 1301 trabe
508 1250 589 1314 rupta
607 1246 718 1301 Bruttia
735 1264 802 1301 saxa

91 1323 204 1377 Prendit
219 1323 321 1376 amicus
333 1324 418 1391 inops,
431 1339 543 1392 remque
560 1338 668 1377 omnem
679 1323 817 1392 surdaque
835 1327 899 1376 vota

90 1399 218 1453 Condidit
237 1399 327 1464 Ionio;
347 1398 424 1467 jacet
441 1399 499 1466 ipse
517 1399 546 1451 in
562 1399 643 1452 litore
661 1403 690 1453 et
707 1416 761 1453 una

90 1473 220 1542 Ingentes
237 1473 273 1526 dc
290 1490 382 1543 puppe
401 1473 460 1539 Dei,
473 1473 586 1542 jamque
605 1473 684 1528 obvia
701 1474 802 1542 mergis
913 1489 937 1528 so

91 1548 171 1603 (loeta
189 1548 256 1601 ratis
274 1549 386 1602 lacerae.
422 1549 501 1601 Nunc
519 1548 601 1602 etde
620 1549 724 1618 cespite
742 1550 803 1603 vivo

90 1625 194 1692 Frange
213 1624 325 1693 aliquid,
342 1625 442 1692 largire
460 1625 541 1694 inopi,
560 1641 595 1678 ne
613 1625 705 1694 pictus
722 1626 833 1679 oberret

91 1700 221 1754 Caerulea
238 1700 267 1752 in
284 1699 478 1754 tabula—Sed
496 1717 609 1754 coenam
629 1700 732 1754 funeris
749 1701 831 1755 heres

89 1777 216 1844 Negliget
232 1776 326 1842 iratus,
344 1775 417 1845 quod
434 1793 493 1829 rem
510 1776 674 1841 curtaveris;
697 1794 783 1832 urnae

89 1853 157 1906 Ossa
174 1851 287 1905 inodora
305 1850 389 1918 dabit,
409 1869 456 1906 seu
474 1852 579 1921 spirent
596 1852 720 1906 cinnama
737 1854 850 1908 surdum
910 1871 935 1910 35

89 1930 142 1983 Seu
159 1944 251 1983 ceraso
268 1931 383 1996 peccent
400 1929 488 1982 casiae
506 1928 610 1982 nescire
628 1933 748 1998 paratus.

88 2007 161 2060 Tunc
178 2006 249 2059 bona
266 2004 406 2059 incolumis
425 2005 549 2059 minuasi
584 2005 620 2060 Et
639 2004 748 2060 Bestius
766 2012 848 2075 urget

88 2084 220 2137 Doctores
238 2081 346 2136 Graios:
371 2082 439 2135 “Ita
456 2082 496 2148 fit,
513 2085 660 2150 postquem
679 2097 775 2150 sapere
792 2083 853 2137 urbi

87 2159 155 2213 Cum
171 2159 266 2229 pipere
282 2162 312 2212 et
323 2157 419 2227 palmis
432 2159 507 2212 venit
524 2161 647 2212 nostrum
663 2157 713 2211 hoc
727 2159 810 2212 maris
827 2176 934 2237 expers,

87 2235 250 2290 Foeuisecae
267 2250 358 2288 crasso
376 2233 508 2289 vitianmt
526 2232 645 2302 unguine
661 2233 778 2302 pultes.''
909 2250 934 2292 ω

86 2312 163 2365 Haec
180 2312 273 2365 cinere
290 2311 406 2365 ulterior
423 2312 546 2364 metuas‘l
583 2312 622 2364 At
640 2313 679 2377 tu,
697 2326 775 2363 meus
792 2310 879 2379 heres,

86 2388 214 2455 Quisquis
232 2388 293 2453 eris,
311 2387 422 2458 paulum
440 2403 457 2440 a
474 2387 558 2440 trrrha
575 2385 715 2440 seductior
731 2386 804 2440 audi.

85 2464 108 2516 0
127 2463 197 2516 bone
227 2480 291 2516 num
309 2464 433 2531 ignoras?
457 2461 539 2516 missa
557 2465 600 2516 est
617 2478 633 2515 a
652 2462 767 2517 Caesare
785 2462 877 2518 laurus

88 2541 223 2608 Insignem
241 2538 276 2592 ob
293 2538 398 2592 cladem
417 2538 569 2592 Germanae
587 2537 672 2608 pubis
690 2543 720 2592 et
737 2541 790 2593 aris

85 2615 213 2684 Frigidus
231 2615 372 2669 excutitur
389 2613 464 2683 cinis,
482 2630 514 2667 ac
528 2613 588 2682 jam
606 2613 729 2683 postibus
746 2631 831 2680 arma,
909 2632 933 2670 45

82 2694 102 2746 J
104 2709 149 2746 am
166 2692 321 2760 chlamydes
338 2707 440 2760 regum,
455 2689 515 2759 jam
533 2690 609 2744 lutea
625 2707 745 2760 gausapa
762 2691 851 2761 captis

84 2769 247 2836 Essedaque,
265 2769 442 2837 ingentesque
460 2767 531 2821 locat
550 2766 680 2821 Caesonia
698 2765 815 2821 Rhenes.

83 2845 132 2898 Dis
148 2844 233 2912 igitur
252 2844 393 2914 Genioque
411 2843 489 2898 ducis
506 2846 617 2898 centum
634 2842 711 2912 paria
728 2842 763 2896 ob
780 2859 825 2898 res

84 2921 200 2989 Egregie
217 2926 309 2989 gestas
327 2920 443 2984 induco;
466 2920 528 2988 quis
545 2920 639 2973 vetati
663 2917 750 2985 aude;

83 2997 149 3062 Vae,
167 2998 218 3050 nisi
236 2997 376 3052 connives!
401 2996 492 3051 oleum
510 2999 704 3064 artocreasque
721 2997 828 3065 popello
908 3012 932 3051 so

83 3072 208 3140 Largium
227 3091 262 3128 an
279 3073 424 3143 prohibes?
442 3072 487 3126 dic
504 3072 593 3126 clarel
620 3071 707 3124 “Non
720 3072 794 3123 ades
808 3073 945 3134 <nassae

81 3149 230 3204 Exossatus
248 3166 316 3218 eger
329 3149 417 3221 juxta
433 3149 499 3207 ost?
531 3151 606 3217 age,
620 3146 650 3200 six
660 3145 740 3197 nulii
750 3141 838 3193 naha
860 3202 868 3213 ι

73 3223 139 3274 dam
158 3223 271 3294 reliqua
289 3243 325 3282 ex
346 3227 455 3298 amitis,
469 3221 617 3299 patruelis
631 3207 899 3278 sumamus*
