2018 3578
397 185 531 236 000000
547 186 596 235 IV.
835 183 839 190 ·
889 189 920 257 io

77 276 210 343 Exiguam
230 275 260 328 et
280 276 403 328 modicae
422 276 540 327 sumtam
561 272 596 327 de
617 274 738 341 margine
757 289 864 336 coenae,
897 288 922 327 00

78 352 234 420 Purpureus
250 350 343 418 magni
360 350 477 404 ructarit
494 366 588 404 scurra
607 349 702 417 Palati,

75 425 94 478 J
96 442 140 479 am
157 425 283 494 princeps
302 424 441 492 Equitum,
459 441 558 493 magna
576 425 624 494 qui
642 441 708 479 voce
726 423 832 479 solebat

76 501 203 556 Vendere
220 500 368 568 municipes
385 501 473 555 fracta
491 501 527 554 de
550 517 640 555 merce
658 501 761 555 siluros.

76 578 179 646 Incipe,
200 576 328 645 Calliope,
346 576 411 632 licet
427 581 457 631 00
474 577 625 632 considere:
642 595 696 631 non
714 582 757 632 est

76 652 256 718 Cantennam,
274 668 319 706 res
336 669 401 707 vera
417 654 519 721 agitur:
537 657 654 720 narrate,
672 654 780 723 puellae
839 717 841 721 ,
898 671 922 709 00

76 729 215 783 Pierides:
235 729 321 798 prosit
339 730 405 782 mihi
423 746 469 783 000
488 729 588 783 dixisse
606 730 718 799 puellas.

111 805 200 870 Quum
212 803 273 872 jam
290 806 477 859 semianimum
495 807 628 860 laceraret
649 805 758 860 Planius
775 807 869 861 orbem

76 881 196 935 Ultimus
213 885 243 936 et
260 881 335 935 calvo
353 882 466 935 serviret
486 882 573 935 Roma
592 882 700 949 Neroni,

76 957 180 1011 Incidit
197 957 329 1011 Hadriaci
346 958 465 1027 spatium
483 957 643 1011 admirabile
660 956 766 1012 rhombi

77 1034 153 1088 Ante
165 1033 276 1087 domum
290 1034 402 1088 Veneris
413 1051 494 1103 quam
507 1034 606 1087 Dorica
618 1035 733 1089 sustinet
746 1037 849 1099 Ancora
897 1049 922 1087 00

78 1109 259 1180 Implevitque
278 1112 363 1164 sinus:
382 1127 471 1179 neque
489 1111 561 1165 enim
578 1110 667 1163 minor
684 1110 809 1165 haeserat
825 1111 878 1165 illis

79 1185 150 1250 Quos
162 1187 251 1256 operit
267 1187 367 1255 glacies
384 1188 521 1241 Maeotica
538 1191 674 1255 ruptaque
690 1186 804 1242 tandem

77 1262 183 1317 Solibus
200 1263 315 1318 effimdit
331 1264 466 1333 torpentis
483 1262 519 1316 ad
537 1264 606 1317 ostia
625 1262 713 1330 Ponti,

77 1339 189 1394 Desidia
205 1341 300 1395 tardos
317 1345 347 1394 00
363 1340 443 1408 longo
460 1339 561 1408 frigore
577 1340 697 1408 pingues.

77 1415 204 1471 Destinat
221 1415 272 1469 hoc
288 1419 438 1470 monstrum
456 1415 568 1484 cymbae
588 1415 690 1483 linique
707 1416 838 1483 magister
896 1431 921 1470 00

77 1491 202 1546 Pontifici
219 1509 330 1545 summo.
367 1492 433 1556 Quis
451 1492 523 1545 enim
541 1507 693 1560 proponere
710 1492 794 1546 talem

79 1571 136 1622 Aut
154 1585 244 1622 emere
261 1569 382 1634 auderet,
401 1584 486 1637 quum
502 1568 584 1637 plena
601 1572 631 1621 00
647 1568 728 1622 110000
744 1569 831 1623 multo

77 1642 205 1698 Delatore
222 1644 329 1698 furenti
363 1644 485 1713 Dispersi
503 1643 627 1713 protinus
644 1644 722 1712 algae

79 1719 257 1788 inquisitores
275 1723 388 1787 agerent
404 1736 466 1773 cum
483 1720 586 1786 remige
603 1718 685 1787 nudo,

77 1794 102 1847 N
105 1811 139 1848 on
157 1795 309 1850 dubitaturi
325 1795 469 1864 fugitivum
487 1794 577 1848 dicere
594 1795 696 1864 piscem
896 1812 921 1852 00

77 1871 282 1940 Depastumque
300 1871 348 1924 diu
364 1871 466 1924 0100010
484 1871 621 1936 0000001ος
638 1871 702 1925 inde

79 1947 205 2016 illapsum
221 1950 341 2001 veterem
359 1947 396 2000 ad
413 1946 552 2001 dominum
570 1946 671 2000 debere
689 1949 797 2003 reverti.

76 2022 104 2076 Si
122 2023 189 2090 quid
207 2023 333 2090 Palfurio,
351 2024 374 2077 si
391 2023 526 2078 credimus
544 2023 696 2092 Armillato,

77 2100 217 2169 Quidquid
234 2101 407 2169 conspicuum
424 2101 602 2170 pulcrumque
623 2106 665 2156 est
682 2117 800 2171 aequore
817 2107 883 2169 0000,

78 2177 130 2230 lies
148 2177 206 2231 fisci
224 2181 267 2232 cst
283 2178 436 2245 ubicunque
453 2181 538 2232 natat.
575 2178 728 2232 Donabitur
745 2195 810 2247 ergo
896 2195 918 2232 00

76 2253 99 2304 N
103 2269 118 2307 e
136 2257 238 2320 pereat.
274 2253 293 2306 J
295 2271 339 2307 am
356 2254 463 2308 letifero
481 2253 596 2309 cedente
613 2254 718 2323 pruinis

77 2332 223 2396 Autumno,
238 2328 297 2397 jam
315 2335 477 2397 quartanam
494 2330 665 2398 sperantibus
684 2329 780 2398 aegris,

75 2405 216 2460 Stridebat
233 2406 360 2460 deformis
378 2406 464 2460 hiems
482 2406 667 2475 praedamque
683 2410 820 2461 recentem

74 2481 218 2536 Servabat:
236 2486 328 2536 tamen
346 2483 390 2536 hic
408 2487 538 2553 properat
553 2483 628 2537 velut
645 2488 741 2551 urgeat
760 2486 874 2537 Auster:

74 2557 168 2626 thue
186 2557 260 2612 lacus
277 2558 406 2614 suberant
422 2559 478 2624 ubi,
497 2575 652 2628 quanquam
671 2559 769 2628 diruta,
781 2563 871 2613 servat
894 2575 919 2612 00

73 2633 169 2701 Ignem
187 2633 334 2702 irojanum
352 2640 381 2689 00
398 2636 511 2689 Vestam
528 2635 593 2689 colit
612 2635 685 2689 Alba
702 2636 840 2699 minorem,

74 2709 189 2766 Obstitit
206 2711 321 2765 intranti
338 2713 463 2766 miratrix
481 2711 563 2766 turba
579 2727 733 2780 parumper.

74 2786 113 2840 Ut
131 2787 212 2842 cessit
229 2787 301 2841 facili
319 2792 468 2856 patuerunt
486 2787 596 2842 cardine
614 2789 718 2851 valvae;

74 2863 184 2918 Exclusi
201 2868 328 2933 spectant
346 2864 464 2919 admissa
481 2864 593 2918 obsonia
611 2864 716 2918 Patres.

75 2939 136 2993 ltur
154 2938 189 2993 ad
208 2939 335 2994 Atriden.
373 2941 440 2994 Tum
459 2941 562 3009 Picens,
582 2939 733 3009 “Accipe''
747 2938 824 3007 dixit,
892 2959 917 2996 os

73 3011 208 3070 ‘'Privatis
225 3016 330 3085 majora
347 3018 429 3072 focis:
453 3018 565 3086 genialis
585 3022 683 3085 agatur

75 3091 132 3144 Iste
150 3092 224 3146 dies:
247 3109 365 3162 propera
383 3094 553 3149 stomachum
569 3094 663 3147 laxare
681 3093 799 3158 saginis,

74 3168 109 3222 Et
126 3172 175 3222 tua
192 3175 329 3224 servatum
347 3188 477 3228 consume
492 3171 641 3226 10000010
654 3165 825 3220 tuomum.

70 3242 135 3310 ipse
149 3245 214 3315 ⁸capi
231 3246 340 3305 voluit.”
380 3250 460 3319 Quid
475 3248 632 3322 apertiusl
650 3227 869 3296 01000000οὮΧῚΧ
882 3289 933 3335 m
