2040 3510
76 178 90 224 6
309 175 341 225 D.
361 176 467 227 JUNII
484 175 693 226 JUVENALIS

77 269 173 336 Atque
192 267 336 337 supercilio
353 267 462 321 brevior
481 282 564 321 coma.
600 266 700 321 Verius
719 283 784 335 ergo
842 290 843 296 ¹
904 282 928 321 rs

76 343 113 397 Et
131 343 218 412 magis
236 343 354 412 ingenue
374 342 557 399 Peribomius:
577 342 648 396 hunc
669 358 719 412 ego
736 341 801 398 fatis

76 419 196 488 Imput0‚
216 419 264 488 qui
282 419 361 473 vultu
378 418 503 472 morbum
523 419 684 488 incessuque
702 418 819 474 fatetur:

77 495 183 549 Horum
203 495 362 564 simplicitas
381 495 554 559 miserabilis3
573 495 616 548 his
633 494 711 548 furor
728 494 792 564 ipsc

76 571 132 626 Dat
150 570 265 625 veniam.
302 571 359 625 Sed
377 571 485 641 pejores
504 571 551 640 qui
569 571 636 626 talia
654 570 745 624 verbis

76 647 203 701 Herculis
221 647 354 702 invadunt
372 653 402 702 et
422 647 458 701 de
476 647 578 702 virtute
596 646 680 702 locuti
901 661 926 700 ao

76 723 189 778 Clunem
201 724 314 791 agitant.
352 724 445 792 “Ergo
456 728 485 778 te
497 728 644 791 caventem
657 723 750 791 Sexte,
761 723 913 778 vereborl’'

77 800 189 854 Infantis
207 800 328 854 Varillus
348 801 401 856 ait:
422 801 496 869 “quc
515 801 636 857 deterior
655 800 725 856 tel''

76 877 232 946 Loripidem
247 881 338 931 rectus
359 876 493 944 derideat,
514 877 681 946 Aethiopem
702 876 787 932 albus

76 953 142 1018 Quis
162 953 259 1008 tulerit
280 953 417 1008 Gracchos
437 953 473 1008 de
494 953 629 1009 seditione
648 953 813 1023 querentesl

75 1029 142 1094 Quis
160 1030 265 1084 caelum
283 1030 366 1084 terris
384 1046 439 1084 non
458 1030 572 1084 misceat
590 1034 619 1084 et
638 1046 714 1084 mare
734 1029 809 1084 caelo
901 1043 925 1084 at

75 1104 103 1158 Si
122 1105 167 1159 fur
185 1107 327 1175 displiceat
346 1106 435 1172 Verri,
454 1105 590 1159 homicida
610 1105 712 1173 Miloni,

75 1180 186 1236 Clodius
204 1187 313 1237 accuset
332 1183 464 1250 moechos,
485 1182 602 1236 Catilina
622 1181 782 1251 Cethegum,

73 1257 109 1310 ln
127 1258 249 1313 tabulam
269 1258 360 1313 Sullae
380 1259 404 1312 si
422 1258 515 1313 dicant
535 1258 661 1327 discipuli
680 1261 755 1316 tresl

75 1334 167 1398 Qualis
185 1340 245 1389 erat
261 1351 350 1405 nuper
366 1335 470 1402 tragico
486 1335 604 1402 pollutus
623 1334 733 1390 adulter

75 1410 238 1465 Concubitu:
258 1411 306 1480 qui
324 1415 391 1465 tunc
409 1411 484 1479 leges
504 1411 650 1465 revocabat
669 1427 775 1465 amaras
900 1423 925 1464 ao

75 1486 206 1540 Omnibus
225 1492 309 1556 atque
329 1487 395 1556 ipsis
415 1487 519 1540 Veneri
540 1487 680 1555 Martique
700 1486 843 1554 timendas,

75 1562 164 1627 Quum
184 1568 227 1618 tot
246 1563 378 1619 abortivis
395 1564 543 1618 fecundam
561 1563 639 1617 Julia
655 1564 763 1618 vulvam

74 1640 197 1694 Solveret
216 1645 244 1695 ct
262 1644 361 1709 patruo
382 1640 483 1694 similes
502 1639 656 1694 effunderet
674 1639 748 1695 offas.

74 1715 171 1769 Nonne
191 1716 276 1784 igitur
291 1715 356 1784 jure
376 1733 408 1770 ac
426 1716 526 1771 merito
546 1716 614 1770 vitia
633 1715 730 1772 ultima
747 1716 826 1771 lictus

74 1791 256 1847 Contemnunt
277 1791 392 1846 Scauros
412 1796 442 1847 et
460 1794 594 1861 castigata
614 1792 788 1847 remordenti
898 1808 924 1848 so

74 1867 135 1920 Non
155 1868 219 1922 tulit
239 1885 273 1922 ex
294 1868 347 1922 illis
364 1871 472 1922 torvum
492 1868 628 1922 Laurouia
649 1868 785 1937 quendam

74 1943 242 1998 Clamantem
261 1945 358 1998 toties:
381 1945 456 1999 “Ubi
475 1962 547 1999 nunc
568 1945 613 1998 lex
633 1944 726 1998 Julial
748 1944 887 2000 dormisl”

74 2019 121 2072 Ad
142 2036 223 2088 quem
244 2019 404 2075 subridens:
427 2021 551 2074 “Felicia
568 2025 693 2088 tempora
712 2036 783 2089 quae
801 2025 830 2075 te

73 2095 195 2149 Moribus
216 2099 369 2166 opponunt!
407 2096 518 2150 Habeat
534 2096 594 2165 jam
616 2098 703 2150 Roma
723 2096 869 2166 pudorem:

72 2171 180 2225 Tertius
201 2188 216 2224 e
237 2172 312 2226 caelo
331 2172 430 2227 cecidit
449 2173 527 2227 Cato.
564 2172 620 2227 Sed
637 2177 730 2227 tamen
750 2173 823 2226 unde
898 2190 923 2228 eo

73 2247 150 2301 Haec
170 2248 237 2302 emis
256 2247 362 2301 hirsuto
384 2249 490 2318 spirant
509 2248 684 2318 opobalsama
704 2250 773 2304 collo

73 2323 148 2388 Quae
167 2323 236 2378 tibil
271 2324 314 2378 Ne
333 2325 438 2394 pudeat
455 2325 594 2379 dominum
613 2328 765 2381 monstrare
782 2325 920 2382 tabernae.

73 2400 152 2464 Quod
173 2400 195 2453 si
212 2404 347 2454 vexantur
367 2401 441 2470 leges
460 2417 492 2456 ac
506 2401 579 2469 jura,
599 2402 677 2456 citari

72 2478 146 2530 Ante
165 2493 259 2530 omnes
278 2475 363 2532 debet
381 2477 524 2532 Scantinia
563 2479 681 2548 Respice
699 2478 818 2548 primum

72 2552 108 2605 Et
129 2558 250 2607 scrutare
268 2553 355 2621 viros;
373 2555 477 2610 faciunt
496 2555 524 2609 hi
545 2555 638 2624 plura:
659 2554 709 2608 sed
725 2553 788 2608 illos
897 2568 922 2608 ee

71 2627 202 2682 Defendit
220 2646 350 2684 numerus
365 2631 532 2700 junctaeque
552 2632 671 2686 umbone
688 2629 843 2699 phalanges.

70 2704 170 2772 Magna
189 2706 262 2760 inter
280 2707 376 2762 molles
396 2708 547 2762 concordia.
585 2708 647 2762 Non
669 2706 722 2760 erit
741 2705 826 2759 ullum

70 2779 232 2851 Exemplum
253 2781 281 2835 in
300 2788 393 2838 nostro
415 2787 472 2837 tam
492 2783 656 2838 detestabile
680 2798 753 2835 sexu.

69 2855 155 2911 Tedia
173 2874 227 2911 non
248 2858 345 2912 lambit
364 2859 494 2928 Cluviam,
513 2876 565 2914 nec
587 2859 669 2912 Flora
688 2856 838 2912 Catullum:

70 2932 159 3001 Hispo
181 2934 256 2987 subit
271 2934 388 3002 juvenes
405 2940 434 2990 et
451 2936 547 2991 morbo
565 2935 652 3004 pallet
669 2937 792 3002 utroque.
895 2950 921 2989 sc

69 3008 213 3076 Numquid
230 3027 280 3063 nos
299 3011 404 3078 agimus
424 3013 535 3068 causasl
554 3011 644 3066 civilia
658 3009 724 3078 jura

69 3083 218 3139 Novimusl
240 3089 287 3140 aut
306 3085 363 3139 ullo
382 3089 501 3156 strepitu
519 3090 579 3143 fora
600 3090 693 3141 vestra
711 3089 867 3144 movemusl

70 3159 221 3212 Luctantur
241 3177 352 3230 paucae,
371 3163 517 3218 comedunt
536 3163 655 3233 coliphia
675 3177 792 3230 paucae:

69 3234 125 3285 Vos
142 3234 232 3289 lanam
251 3237 361 3292 trahitis
381 3237 549 3309 calathisque
567 3243 681 3310 peracta
700 3238 809 3296 refertis
