2040 3510
108 134 138 181 46
341 130 373 178 D.
391 129 410 178 J
413 128 497 178 UNII
514 128 724 179 JUVENALIS

108 221 184 285 Quae
200 223 293 275 tamen
311 219 375 274 inde
393 221 488 288 segesi
506 223 598 273 terrae
616 220 677 288 quis
695 219 801 272 fruetus
816 219 951 286 apertae?

108 297 174 361 Quis
192 296 270 350 dabit
286 297 421 363 historico,
440 299 573 364 quantum
591 296 670 348 daret
688 298 751 349 acta
765 294 886 360 legenti?

141 371 217 426 “Sed
229 389 315 439 genus
326 372 452 440 ignavum
465 371 540 440 qnod
551 372 622 425 lecto
634 370 737 438 gaudet
748 372 777 423 et
789 369 909 424 umbra.”
924 385 964 424 ms

107 447 158 501 Dic
173 447 258 515 igitur
276 446 342 515 quid
360 447 504 501 causidicis
522 446 611 500 civilia
628 449 770 514 praestent

107 522 203 576 Officia
220 527 249 576 et
266 539 363 591 magno
382 524 495 577 comites
512 523 540 576 in
558 523 631 575 fasce
648 521 749 576 libeliii

107 598 165 666 Ipsi
183 614 281 666 magna
299 607 402 665 sonant,
421 600 469 653 sed
487 605 552 652 tunc
570 615 654 666 quum
673 598 792 651 creditor
809 602 889 653 audit

107 675 262 743 Praecipue,
280 675 322 727 vel
340 675 363 727 si
380 675 473 742 tetigit
490 675 562 728 latus
580 674 667 727 acrior
684 675 729 727 illo

106 749 159 814 Qui
176 751 249 803 venit
267 750 303 803 ad
320 749 432 803 dubium
449 750 546 818 grandi
564 766 625 802 cum
643 750 736 803 codice
753 767 858 806 nomen.
921 768 960 809 ue

104 826 181 879 Tunc
198 826 330 879 immensa
347 826 405 879 cavi
422 826 530 895 spirant
547 826 689 879 mendacia
706 826 784 880 folles

106 900 325 970 Conspuiturque
343 902 423 955 sinus.
459 902 560 956 Veram
578 901 748 970 deprendere
764 919 881 959 messem

105 977 134 1031 Si
149 978 224 1044 libet,
241 978 304 1031 hinc
322 982 430 1031 centum
448 979 610 1047 patrimonia
626 978 829 1045 causidicorum,

105 1053 189 1108 Parte
206 1054 259 1107 alia
275 1055 362 1107 solum
380 1055 480 1108 russati
497 1071 568 1122 pone
587 1055 729 1108 Lacernae.

105 1129 260 1184 Consedere
279 1130 381 1184 Duces:
400 1131 488 1198 surgis
506 1135 538 1183 tu
554 1130 672 1200 pallidus
690 1130 764 1199 Ajax
920 1150 958 1189 115

104 1206 235 1260 Dicturus
252 1205 336 1259 dubia
353 1223 402 1276 pro
420 1207 548 1261 libertate
565 1206 683 1261 bubulco

104 1282 209 1336 Judice.
246 1282 355 1351 Rumpe
372 1283 454 1336 miser
471 1288 577 1336 tensum
591 1283 677 1351 jecur,
695 1288 726 1338 ut
744 1283 797 1338 tibi
814 1285 886 1338 lasse

104 1358 238 1426 Figantur
255 1358 356 1412 virides
374 1359 506 1413 scalarum
524 1360 611 1428 gloria
627 1359 740 1427 palmae.

105 1434 184 1499 Quod
200 1434 273 1488 vocis
290 1435 427 1502 pretiumi
445 1435 531 1489 siccus
548 1436 740 1505 petasunculus
757 1441 786 1490 et
801 1453 849 1491 vas

103 1509 288 1580 Pelamydum,
305 1515 354 1566 aut
371 1515 479 1566 veteres
496 1513 627 1566 Afrorum
644 1513 778 1581 epimenia
795 1513 878 1581 bulbi,
917 1532 955 1571 110

103 1587 163 1641 Aut
180 1587 270 1640 vinum
289 1587 380 1642 Tiberi
398 1587 550 1656 devectum,
568 1588 688 1657 quinque
705 1588 824 1657 lagenae,

103 1662 132 1716 Si
151 1666 249 1733 quater
264 1664 352 1731 egisti.
388 1664 416 1717 Si
431 1665 548 1733 contigit
566 1682 663 1718 aureus
680 1681 756 1732 unus,

102 1739 174 1793 Inde
191 1740 293 1795 cadunt
310 1743 404 1808 partes
421 1757 456 1794 ex
474 1741 587 1795 foedere
601 1743 838 1811 pragmaticorum.

103 1816 221 1870 Aemilio
238 1816 349 1870 dabitur
367 1821 499 1886 quantum
516 1818 592 1886 libet,
610 1821 639 1872 et
656 1817 752 1870 meiius
769 1834 816 1871 nos

101 1892 226 1960 Egimus:
242 1892 323 1961 hujus
341 1894 413 1946 enirn
431 1897 487 1947 stat
505 1910 600 1947 currus
618 1909 724 1958 aeneus,
742 1892 790 1946 alti
916 1912 954 1951 125

102 1968 284 2037 Quadrijuges
301 1969 328 2021 in
346 1968 495 2035 restibulis,
514 1973 598 2037 atque
615 1969 673 2037 ipse
690 1969 771 2022 feroci
1014 1970 1016 1977 '

102 2043 239 2099 Bellatore
257 2045 354 2098 sedens
372 2051 513 2100 curvatum
532 2044 631 2098 hastile
648 2044 765 2098 minatur

100 2120 212 2174 Eurinus
230 2124 258 2174 et
276 2125 367 2174 statua
383 2121 533 2174 meditatur
549 2120 652 2189 proelia
668 2120 749 2174 lusca.

101 2195 147 2250 Sic
165 2197 240 2250 Pedo
258 2196 410 2261 contrabat,
428 2196 524 2250 Matho
542 2196 652 2261 deficit3
670 2197 762 2250 exitus
778 2196 822 2252 hie
840 2204 884 2254 est

100 2273 224 2341 Tongilli,
242 2289 340 2340 magno
357 2290 420 2326 cum
437 2273 608 2326 rhinocerote
625 2273 709 2326 lavari
914 2294 951 2333 rao

101 2349 154 2414 Qui
172 2351 241 2404 solet
259 2353 288 2403 et
305 2353 388 2402 vexat
405 2350 541 2403 lutulenta
558 2349 656 2404 balnea
672 2350 761 2419 turba,

101 2424 210 2494 Perque
227 2425 314 2478 forum
328 2425 443 2493 juvenes
461 2425 541 2494 longo
558 2427 660 2495 premit
678 2444 768 2481 assere
785 2427 889 2493 Medos,

101 2502 232 2555 Emturus
249 2517 354 2571 pueros,
373 2505 525 2570 argentum,
543 2503 670 2571 murrina,
688 2503 778 2569 villas;

101 2577 224 2646 Spondet
241 2577 311 2632 enim
328 2577 410 2645 ‘lyr-io
428 2578 553 2633 stlataria
570 2597 691 2648 purpura
709 2579 762 2633 filo.

99 2653 138 2708 Iit
154 2657 245 2708 tamen
261 2656 306 2707 est
322 2653 376 2707 illis
392 2653 444 2708 hoc
461 2655 542 2709 utile:
560 2673 681 2725 purpura
698 2656 794 2710 vendit
912 2672 948 2711 135

100 2729 279 2797 Causidicum,
298 2728 421 2783 vendunt
437 2732 631 2799 amethystina:
648 2733 774 2787 convenit
790 2731 843 2785 illis

99 2806 136 2859 Et
153 2806 270 2874 strepitu
288 2808 317 2859 et
334 2806 402 2859 facie
419 2806 530 2876 majoris
547 2808 638 2862 vivere
655 2824 757 2862 census.

100 2881 154 2936 Sed
171 2883 252 2936 finem
271 2882 410 2951 impensae
427 2898 481 2936 non
499 2887 592 2938 servat
608 2883 723 2952 prodiga
742 2885 836 2937 Roma.

100 2958 224 3011 Fidimus
241 2958 364 3026 eloquioi
400 2958 525 3012 Ciceroni
542 2977 627 3014 neme
639 2960 770 3013 ducentos

97 3035 179 3087 Nunc
196 3032 305 3087 dederit
322 3050 446 3088 nummos
463 3034 515 3088 nisi
531 3036 637 3090 fulserit
653 3035 767 3089 annulus
784 3036 888 3104 ingens.
910 3054 946 3092 140

79 3107 212 3172 Respicit
226 3107 300 3162 haec
312 3110 438 3178 primum
457 3112 507 3182 qui
522 3111 627 3181 litigat,
643 3129 679 3166 an
694 3111 749 3164 titi
764 3113 841 3164 serni

64 3173 145 3243 Octo,
166 3179 268 3237 decem
289 3189 418 3259 comites,
438 3207 475 3246 an
493 3195 611 3262 postte
630 3190 709 3257 seila,
723 3185 818 3254 togati
