<?xml version="1.0" encoding="UTF-8"?>
<!DOCTYPE html PUBLIC "-//W3C//DTD XHTML 1.0 Transitional//EN"
    "http://www.w3.org/TR/xhtml1/DTD/xhtml1-transitional.dtd">
<html xmlns="http://www.w3.org/1999/xhtml" xml:lang="en" lang="en">
 <head>
  <title>
</title>
<meta http-equiv="Content-Type" content="text/html;charset=utf-8" />
  <meta name='ocr-system' content='tesseract 3.04.00' />
  <meta name='ocr-capabilities' content='ocr_page ocr_carea ocr_par ocr_line ocrx_word'/>
</head>
<body>
  <div class='ocr_page' id='page_1' title='image "./deciijuniijuven00persgoog_0120.png"; bbox 0 0 2040 3510; ppageno 0'>
   <div class='ocr_carea' id='block_1_1' title="bbox 437 170 965 221">
    <p class='ocr_par' dir='ltr' id='par_1_1' title="bbox 437 170 965 221">
     <span class='ocr_line' id='line_1_1' title="bbox 437 170 965 221; baseline -0.002 -1"><span class='ocrx_word' id='word_1_1' title='bbox 437 170 571 221; x_wconf 85' lang='lat' dir='ltr'><strong>SATIRA</strong></span> <span class='ocrx_word' id='word_1_2' title='bbox 589 171 642 221; x_wconf 90' lang='lat'>111.</span> <span class='ocrx_word' id='word_1_3' title='bbox 923 173 965 219; x_wconf 84' lang='lat'>111</span> 
     </span>
    </p>
   </div>
   <div class='ocr_carea' id='block_1_2' title="bbox 100 259 966 3223">
    <p class='ocr_par' dir='ltr' id='par_1_2' title="bbox 111 259 828 331">
     <span class='ocr_line' id='line_1_2' title="bbox 111 259 828 331; baseline -0.001 -14"><span class='ocrx_word' id='word_1_4' title='bbox 111 263 207 330; x_wconf 77' lang='lat' dir='ltr'>lussit,</span> <span class='ocrx_word' id='word_1_5' title='bbox 224 263 255 315; x_wconf 91' lang='lat' dir='ltr'>et</span> <span class='ocrx_word' id='word_1_6' title='bbox 271 260 391 315; x_wconf 89' lang='lat' dir='ltr'>humana</span> <span class='ocrx_word' id='word_1_7' title='bbox 408 277 463 329; x_wconf 90' lang='lat' dir='ltr'>qua</span> <span class='ocrx_word' id='word_1_8' title='bbox 479 265 561 331; x_wconf 86' lang='lat' dir='ltr'>parte</span> <span class='ocrx_word' id='word_1_9' title='bbox 578 259 682 314; x_wconf 87' lang='lat' dir='ltr'>locatus</span> <span class='ocrx_word' id='word_1_10' title='bbox 699 277 729 316; x_wconf 86' lang='lat' dir='ltr'>es</span> <span class='ocrx_word' id='word_1_11' title='bbox 746 261 773 316; x_wconf 92' lang='lat' dir='ltr'>in</span> <span class='ocrx_word' id='word_1_12' title='bbox 792 279 828 316; x_wconf 89' lang='lat' dir='ltr'>re.</span> 
     </span>
    </p>

    <p class='ocr_par' dir='ltr' id='par_1_3' title="bbox 111 336 851 406">
     <span class='ocr_line' id='line_1_3' title="bbox 111 336 851 406; baseline 0 -15"><span class='ocrx_word' id='word_1_13' title='bbox 111 338 200 402; x_wconf 82' lang='lat' dir='ltr'>Disce,</span> <span class='ocrx_word' id='word_1_14' title='bbox 218 352 307 404; x_wconf 90' lang='lat' dir='ltr'>neque</span> <span class='ocrx_word' id='word_1_15' title='bbox 325 336 447 390; x_wconf 87' lang='lat' dir='ltr'>invideas</span> <span class='ocrx_word' id='word_1_16' title='bbox 466 338 541 405; x_wconf 91' lang='lat' dir='ltr'>quod</span> <span class='ocrx_word' id='word_1_17' title='bbox 558 337 645 391; x_wconf 87' lang='lat' dir='ltr'>multa</span> <span class='ocrx_word' id='word_1_18' title='bbox 662 337 754 391; x_wconf 89' lang='lat' dir='ltr'>fidelia</span> <span class='ocrx_word' id='word_1_19' title='bbox 771 341 851 406; x_wconf 91' lang='lat' dir='ltr'>putet</span> 
     </span>
    </p>

    <p class='ocr_par' dir='ltr' id='par_1_4' title="bbox 111 410 839 482">
     <span class='ocr_line' id='line_1_4' title="bbox 111 410 839 482; baseline 0.001 -16"><span class='ocrx_word' id='word_1_20' title='bbox 111 412 146 466; x_wconf 94' lang='lat' dir='ltr'>In</span> <span class='ocrx_word' id='word_1_21' title='bbox 163 412 298 480; x_wconf 75' lang='lat' dir='ltr'>locuplete</span> <span class='ocrx_word' id='word_1_22' title='bbox 316 427 397 480; x_wconf 89' lang='lat' dir='ltr'>penu,</span> <span class='ocrx_word' id='word_1_23' title='bbox 417 410 535 466; x_wconf 89' lang='lat' dir='ltr'>defensis</span> <span class='ocrx_word' id='word_1_24' title='bbox 553 413 701 482; x_wconf 84' lang='lat' dir='ltr'>pinguibus</span> <span class='ocrx_word' id='word_1_25' title='bbox 719 412 839 480; x_wconf 91' lang='lat' dir='ltr'>Umbris,</span> 
     </span>
    </p>

    <p class='ocr_par' dir='ltr' id='par_1_5' title="bbox 110 489 966 634">
     <span class='ocr_line' id='line_1_5' title="bbox 110 489 966 558; baseline -0.002 -16"><span class='ocrx_word' id='word_1_26' title='bbox 110 489 148 544; x_wconf 83' lang='lat' dir='ltr'>Et</span> <span class='ocrx_word' id='word_1_27' title='bbox 165 490 246 558; x_wconf 86' lang='lat' dir='ltr'>piper</span> <span class='ocrx_word' id='word_1_28' title='bbox 263 492 293 543; x_wconf 92' lang='lat' dir='ltr'>et</span> <span class='ocrx_word' id='word_1_29' title='bbox 309 504 419 558; x_wconf 85' lang='lat' dir='ltr'>pernae,</span> <span class='ocrx_word' id='word_1_30' title='bbox 439 489 524 541; x_wconf 88' lang='lat' dir='ltr'>Marsi</span> <span class='ocrx_word' id='word_1_31' title='bbox 541 495 719 544; x_wconf 89' lang='lat' dir='ltr'>monumenta</span> <span class='ocrx_word' id='word_1_32' title='bbox 735 490 859 555; x_wconf 90' lang='lat' dir='ltr'>clientis;</span> <span class='ocrx_word' id='word_1_33' title='bbox 943 503 966 541; x_wconf 80' lang='lat' dir='ltr'>rs</span> 
     </span>
     <span class='ocr_line' id='line_1_6' title="bbox 110 563 839 634; baseline -0.003 -13"><span class='ocrx_word' id='word_1_34' title='bbox 110 565 264 634; x_wconf 88' lang='lat' dir='ltr'>Maenaque</span> <span class='ocrx_word' id='word_1_35' title='bbox 282 563 356 634; x_wconf 92' lang='lat' dir='ltr'>quod</span> <span class='ocrx_word' id='word_1_36' title='bbox 373 564 462 632; x_wconf 85' lang='lat' dir='ltr'>prima</span> <span class='ocrx_word' id='word_1_37' title='bbox 479 565 601 617; x_wconf 92' lang='lat' dir='ltr'>nondum</span> <span class='ocrx_word' id='word_1_38' title='bbox 620 566 751 620; x_wconf 89' lang='lat' dir='ltr'>defecerit</span> <span class='ocrx_word' id='word_1_39' title='bbox 768 582 839 619; x_wconf 86' lang='lat' dir='ltr'>orca</span> 
     </span>
    </p>

    <p class='ocr_par' dir='ltr' id='par_1_6' title="bbox 110 641 896 864">
     <span class='ocr_line' id='line_1_7' title="bbox 144 641 806 710; baseline -0.003 -15"><span class='ocrx_word' id='word_1_40' title='bbox 144 643 199 695; x_wconf 90' lang='lat' dir='ltr'>Hic</span> <span class='ocrx_word' id='word_1_41' title='bbox 217 642 314 710; x_wconf 91' lang='lat' dir='ltr'>aliquis</span> <span class='ocrx_word' id='word_1_42' title='bbox 333 641 368 695; x_wconf 91' lang='lat' dir='ltr'>de</span> <span class='ocrx_word' id='word_1_43' title='bbox 386 645 469 708; x_wconf 84' lang='lat' dir='ltr'>gente</span> <span class='ocrx_word' id='word_1_44' title='bbox 486 641 592 694; x_wconf 80' lang='lat' dir='ltr'><strong>hircosa</strong></span> <span class='ocrx_word' id='word_1_45' title='bbox 610 641 806 697; x_wconf 75' lang='lat' dir='ltr'>centurionum</span> 
     </span>
     <span class='ocr_line' id='line_1_8' title="bbox 110 718 896 785; baseline -0.001 -13"><span class='ocrx_word' id='word_1_46' title='bbox 110 719 203 773; x_wconf 88' lang='lat' dir='ltr'>Dicat:</span> <span class='ocrx_word' id='word_1_47' title='bbox 229 718 330 783; x_wconf 84' lang='lat' dir='ltr'>“Quod</span> <span class='ocrx_word' id='word_1_48' title='bbox 347 718 423 785; x_wconf 89' lang='lat' dir='ltr'>sapio</span> <span class='ocrx_word' id='word_1_49' title='bbox 442 718 509 770; x_wconf 91' lang='lat' dir='ltr'>satis</span> <span class='ocrx_word' id='word_1_50' title='bbox 527 721 570 771; x_wconf 89' lang='lat' dir='ltr'>est</span> <span class='ocrx_word' id='word_1_51' title='bbox 588 718 669 783; x_wconf 91' lang='lat' dir='ltr'>mihi;</span> <span class='ocrx_word' id='word_1_52' title='bbox 691 735 744 771; x_wconf 92' lang='lat' dir='ltr'>non</span> <span class='ocrx_word' id='word_1_53' title='bbox 762 733 813 785; x_wconf 84' lang='lat' dir='ltr'>ego</span> <span class='ocrx_word' id='word_1_54' title='bbox 831 732 896 771; x_wconf 91' lang='lat' dir='ltr'>curo</span> 
     </span>
     <span class='ocr_line' id='line_1_9' title="bbox 110 793 791 864; baseline -0.003 -15"><span class='ocrx_word' id='word_1_55' title='bbox 110 796 178 849; x_wconf 83' lang='lat' dir='ltr'>Esse</span> <span class='ocrx_word' id='word_1_56' title='bbox 195 795 270 864; x_wconf 77' lang='lat' dir='ltr'>quod</span> <span class='ocrx_word' id='word_1_57' title='bbox 288 795 425 848; x_wconf 84' lang='lat' dir='ltr'>Arcesilas</span> <span class='ocrx_word' id='word_1_58' title='bbox 443 794 653 863; x_wconf 82' lang='lat' dir='ltr'>aerumnosique</span> <span class='ocrx_word' id='word_1_59' title='bbox 671 793 791 860; x_wconf 81' lang='lat' dir='ltr'>Solones,</span> 
     </span>
    </p>

    <p class='ocr_par' dir='ltr' id='par_1_7' title="bbox 109 870 965 1092">
     <span class='ocr_line' id='line_1_10' title="bbox 110 870 965 940; baseline -0.002 -15"><span class='ocrx_word' id='word_1_60' title='bbox 110 871 226 940; x_wconf 90' lang='lat' dir='ltr'>Obstipo</span> <span class='ocrx_word' id='word_1_61' title='bbox 243 872 333 940; x_wconf 88' lang='lat' dir='ltr'>capite</span> <span class='ocrx_word' id='word_1_62' title='bbox 351 874 380 924; x_wconf 93' lang='lat' dir='ltr'>et</span> <span class='ocrx_word' id='word_1_63' title='bbox 397 871 514 938; x_wconf 85' lang='lat' dir='ltr'>figentes</span> <span class='ocrx_word' id='word_1_64' title='bbox 532 870 634 924; x_wconf 90' lang='lat' dir='ltr'>lumine</span> <span class='ocrx_word' id='word_1_65' title='bbox 652 874 764 936; x_wconf 87' lang='lat' dir='ltr'>terram,</span> <span class='ocrx_word' id='word_1_66' title='bbox 941 885 965 923; x_wconf 87' lang='lat' dir='ltr'>so</span> 
     </span>
     <span class='ocr_line' id='line_1_11' title="bbox 109 946 870 1013; baseline 0 -13"><span class='ocrx_word' id='word_1_67' title='bbox 109 948 253 1001; x_wconf 89' lang='lat' dir='ltr'>Murmura</span> <span class='ocrx_word' id='word_1_68' title='bbox 270 964 331 1000; x_wconf 92' lang='lat' dir='ltr'>cum</span> <span class='ocrx_word' id='word_1_69' title='bbox 350 963 443 1000; x_wconf 90' lang='lat' dir='ltr'>secum</span> <span class='ocrx_word' id='word_1_70' title='bbox 461 950 491 1000; x_wconf 91' lang='lat' dir='ltr'>et</span> <span class='ocrx_word' id='word_1_71' title='bbox 508 947 616 1000; x_wconf 87' lang='lat' dir='ltr'>rabiosa</span> <span class='ocrx_word' id='word_1_72' title='bbox 634 946 743 1000; x_wconf 90' lang='lat' dir='ltr'>silentia</span> <span class='ocrx_word' id='word_1_73' title='bbox 760 948 870 1013; x_wconf 91' lang='lat' dir='ltr'>rodunt,</span> 
     </span>
     <span class='ocr_line' id='line_1_12' title="bbox 110 1022 797 1092; baseline -0.001 -16"><span class='ocrx_word' id='word_1_74' title='bbox 110 1024 204 1091; x_wconf 88' lang='lat' dir='ltr'>Atque</span> <span class='ocrx_word' id='word_1_75' title='bbox 221 1028 384 1092; x_wconf 81' lang='lat' dir='ltr'>exporrecto</span> <span class='ocrx_word' id='word_1_76' title='bbox 403 1023 572 1076; x_wconf 90' lang='lat' dir='ltr'>trutinantur</span> <span class='ocrx_word' id='word_1_77' title='bbox 589 1023 673 1076; x_wconf 88' lang='lat' dir='ltr'>verba</span> <span class='ocrx_word' id='word_1_78' title='bbox 691 1022 797 1089; x_wconf 90' lang='lat' dir='ltr'>labello,</span> 
     </span>
    </p>

    <p class='ocr_par' dir='ltr' id='par_1_8' title="bbox 110 1099 755 1167">
     <span class='ocr_line' id='line_1_13' title="bbox 110 1099 755 1167; baseline -0.002 -16"><span class='ocrx_word' id='word_1_79' title='bbox 110 1099 226 1166; x_wconf 81' lang='lat' dir='ltr'>Aegroti</span> <span class='ocrx_word' id='word_1_80' title='bbox 243 1100 344 1153; x_wconf 84' lang='lat' dir='ltr'>veteris</span> <span class='ocrx_word' id='word_1_81' title='bbox 362 1099 530 1154; x_wconf 74' lang='lat' dir='ltr'>meditantes</span> <span class='ocrx_word' id='word_1_82' title='bbox 548 1099 662 1166; x_wconf 90' lang='lat' dir='ltr'>somnia,</span> <span class='ocrx_word' id='word_1_83' title='bbox 679 1099 755 1167; x_wconf 79' lang='lat' dir='ltr'>gigni</span> 
     </span>
    </p>

    <p class='ocr_par' dir='ltr' id='par_1_9' title="bbox 110 1164 807 1244">
     <span class='ocr_line' id='line_1_14' title="bbox 110 1164 807 1244; baseline 0.001 -18"><span class='ocrx_word' id='word_1_84' title='bbox 110 1164 153 1228; x_wconf 83' lang='lat' dir='ltr'>De</span> <span class='ocrx_word' id='word_1_85' title='bbox 170 1174 255 1229; x_wconf 93' lang='lat' dir='ltr'>nihilo</span> <span class='ocrx_word' id='word_1_86' title='bbox 272 1175 346 1243; x_wconf 91' lang='lat' dir='ltr'>nihil,</span> <span class='ocrx_word' id='word_1_87' title='bbox 365 1177 394 1229; x_wconf 93' lang='lat' dir='ltr'>in</span> <span class='ocrx_word' id='word_1_88' title='bbox 410 1175 525 1229; x_wconf 89' lang='lat' dir='ltr'>nihilum</span> <span class='ocrx_word' id='word_1_89' title='bbox 542 1175 580 1228; x_wconf 89' lang='lat' dir='ltr'>nil</span> <span class='ocrx_word' id='word_1_90' title='bbox 598 1191 680 1244; x_wconf 87' lang='lat' dir='ltr'>posse</span> <span class='ocrx_word' id='word_1_91' title='bbox 697 1174 807 1228; x_wconf 85' lang='lat' dir='ltr'>reverti.</span> 
     </span>
    </p>

    <p class='ocr_par' dir='ltr' id='par_1_10' title="bbox 109 1250 962 1474">
     <span class='ocr_line' id='line_1_15' title="bbox 109 1250 962 1323; baseline -0.005 -19"><span class='ocrx_word' id='word_1_92' title='bbox 109 1250 172 1305; x_wconf 85' lang='lat' dir='ltr'>Hoc</span> <span class='ocrx_word' id='word_1_93' title='bbox 183 1257 226 1306; x_wconf 93' lang='lat' dir='ltr'>est</span> <span class='ocrx_word' id='word_1_94' title='bbox 238 1253 312 1321; x_wconf 91' lang='lat' dir='ltr'>quod</span> <span class='ocrx_word' id='word_1_95' title='bbox 323 1254 426 1323; x_wconf 86' lang='lat' dir='ltr'>pallesl</span> <span class='ocrx_word' id='word_1_96' title='bbox 444 1270 492 1306; x_wconf 89' lang='lat' dir='ltr'>cur</span> <span class='ocrx_word' id='word_1_97' title='bbox 505 1253 565 1321; x_wconf 90' lang='lat' dir='ltr'>quis</span> <span class='ocrx_word' id='word_1_98' title='bbox 577 1269 631 1305; x_wconf 92' lang='lat' dir='ltr'>non</span> <span class='ocrx_word' id='word_1_99' title='bbox 643 1251 778 1320; x_wconf 90' lang='lat' dir='ltr'>prandeat</span> <span class='ocrx_word' id='word_1_100' title='bbox 791 1250 842 1304; x_wconf 91' lang='lat' dir='ltr'>hoc</span> <span class='ocrx_word' id='word_1_101' title='bbox 853 1250 928 1304; x_wconf 87' lang='lat' dir='ltr'>estl&#39;’</span> <span class='ocrx_word' id='word_1_102' title='bbox 938 1262 962 1300; x_wconf 77' lang='lat' dir='ltr'>aa</span> 
     </span>
     <span class='ocr_line' id='line_1_16' title="bbox 109 1326 839 1398; baseline 0 -18"><span class='ocrx_word' id='word_1_103' title='bbox 109 1326 162 1381; x_wconf 88' lang='lat' dir='ltr'>His</span> <span class='ocrx_word' id='word_1_104' title='bbox 179 1329 295 1398; x_wconf 89' lang='lat' dir='ltr'>populus</span> <span class='ocrx_word' id='word_1_105' title='bbox 313 1331 393 1397; x_wconf 88' lang='lat' dir='ltr'>ridet,</span> <span class='ocrx_word' id='word_1_106' title='bbox 411 1330 584 1398; x_wconf 90' lang='lat' dir='ltr'>multumque</span> <span class='ocrx_word' id='word_1_107' title='bbox 602 1336 695 1382; x_wconf 82' lang='lat' dir='ltr'>torosa</span> <span class='ocrx_word' id='word_1_108' title='bbox 708 1327 839 1396; x_wconf 89' lang='lat' dir='ltr'>juventus</span> 
     </span>
     <span class='ocr_line' id='line_1_17' title="bbox 109 1403 822 1474; baseline 0 -18"><span class='ocrx_word' id='word_1_109' title='bbox 109 1403 265 1472; x_wconf 82' lang='lat' dir='ltr'>Ingeminat</span> <span class='ocrx_word' id='word_1_110' title='bbox 283 1407 415 1459; x_wconf 89' lang='lat' dir='ltr'>tremulos</span> <span class='ocrx_word' id='word_1_111' title='bbox 432 1421 498 1459; x_wconf 89' lang='lat' dir='ltr'>naso</span> <span class='ocrx_word' id='word_1_112' title='bbox 516 1406 654 1474; x_wconf 79' lang='lat' dir='ltr'>crispante</span> <span class='ocrx_word' id='word_1_113' title='bbox 673 1404 822 1458; x_wconf 87' lang='lat' dir='ltr'>cachinnos.</span> 
     </span>
    </p>

    <p class='ocr_par' dir='ltr' id='par_1_11' title="bbox 107 1479 961 1777">
     <span class='ocr_line' id='line_1_18' title="bbox 142 1479 938 1550; baseline -0.004 -16"><span class='ocrx_word' id='word_1_114' title='bbox 142 1481 158 1508; x_wconf 89' lang='lat'><strong><em>“</em></strong></span> <span class='ocrx_word' id='word_1_115' title='bbox 167 1480 283 1550; x_wconf 84' lang='lat' dir='ltr'>Inspice,</span> <span class='ocrx_word' id='word_1_116' title='bbox 296 1482 388 1534; x_wconf 91' lang='lat' dir='ltr'>nescio</span> <span class='ocrx_word' id='word_1_117' title='bbox 400 1481 468 1549; x_wconf 89' lang='lat' dir='ltr'>quid</span> <span class='ocrx_word' id='word_1_118' title='bbox 480 1480 604 1549; x_wconf 89' lang='lat' dir='ltr'>trepidat</span> <span class='ocrx_word' id='word_1_119' title='bbox 616 1480 682 1533; x_wconf 90' lang='lat' dir='ltr'>mihi</span> <span class='ocrx_word' id='word_1_120' title='bbox 694 1485 796 1549; x_wconf 89' lang='lat' dir='ltr'>pectus,</span> <span class='ocrx_word' id='word_1_121' title='bbox 808 1482 838 1534; x_wconf 90' lang='lat' dir='ltr'>et</span> <span class='ocrx_word' id='word_1_122' title='bbox 849 1479 938 1546; x_wconf 81' lang='lat' dir='ltr'>aegris</span> 
     </span>
     <span class='ocr_line' id='line_1_19' title="bbox 107 1554 899 1626; baseline -0.001 -17"><span class='ocrx_word' id='word_1_123' title='bbox 107 1554 241 1610; x_wconf 82' lang='lat' dir='ltr'>Faucibus</span> <span class='ocrx_word' id='word_1_124' title='bbox 260 1562 408 1626; x_wconf 83' lang='lat' dir='ltr'>exsuperat</span> <span class='ocrx_word' id='word_1_125' title='bbox 425 1557 516 1624; x_wconf 84' lang='lat' dir='ltr'>gravis</span> <span class='ocrx_word' id='word_1_126' title='bbox 535 1556 651 1620; x_wconf 88' lang='lat' dir='ltr'>halitus;</span> <span class='ocrx_word' id='word_1_127' title='bbox 674 1556 777 1624; x_wconf 90' lang='lat' dir='ltr'>inspice</span> <span class='ocrx_word' id='word_1_128' title='bbox 795 1554 899 1621; x_wconf 88' lang='lat' dir='ltr'>sodes,&#39;’</span> 
     </span>
     <span class='ocr_line' id='line_1_20' title="bbox 108 1631 961 1701; baseline -0.002 -17"><span class='ocrx_word' id='word_1_129' title='bbox 108 1631 161 1696; x_wconf 84' lang='lat' dir='ltr'>Qui</span> <span class='ocrx_word' id='word_1_130' title='bbox 179 1632 247 1686; x_wconf 92' lang='lat' dir='ltr'>dicit</span> <span class='ocrx_word' id='word_1_131' title='bbox 264 1632 379 1699; x_wconf 86' lang='lat' dir='ltr'>medico,</span> <span class='ocrx_word' id='word_1_132' title='bbox 392 1631 486 1700; x_wconf 90' lang='lat' dir='ltr'>jussus</span> <span class='ocrx_word' id='word_1_133' title='bbox 504 1633 685 1699; x_wconf 86' lang='lat' dir='ltr'>requiescere,</span> <span class='ocrx_word' id='word_1_134' title='bbox 702 1636 849 1701; x_wconf 88' lang='lat' dir='ltr'>postquam</span> <span class='ocrx_word' id='word_1_135' title='bbox 937 1645 961 1682; x_wconf 85' lang='lat' dir='ltr'>ao</span> 
     </span>
     <span class='ocr_line' id='line_1_21' title="bbox 107 1707 776 1777; baseline -0.001 -16"><span class='ocrx_word' id='word_1_136' title='bbox 107 1708 199 1761; x_wconf 82' lang='lat' dir='ltr'>Tertia</span> <span class='ocrx_word' id='word_1_137' title='bbox 216 1709 380 1777; x_wconf 87' lang='lat' dir='ltr'>compositas</span> <span class='ocrx_word' id='word_1_138' title='bbox 398 1707 467 1762; x_wconf 90' lang='lat' dir='ltr'>vidit</span> <span class='ocrx_word' id='word_1_139' title='bbox 484 1725 538 1761; x_wconf 84' lang='lat' dir='ltr'>nox</span> <span class='ocrx_word' id='word_1_140' title='bbox 556 1723 667 1761; x_wconf 90' lang='lat' dir='ltr'>currere</span> <span class='ocrx_word' id='word_1_141' title='bbox 686 1724 776 1775; x_wconf 87' lang='lat' dir='ltr'>venas,</span> 
     </span>
    </p>

    <p class='ocr_par' dir='ltr' id='par_1_12' title="bbox 107 1783 770 1852">
     <span class='ocr_line' id='line_1_22' title="bbox 107 1783 770 1852; baseline 0.002 -16"><span class='ocrx_word' id='word_1_142' title='bbox 107 1783 151 1837; x_wconf 91' lang='lat' dir='ltr'>De</span> <span class='ocrx_word' id='word_1_143' title='bbox 167 1783 270 1852; x_wconf 89' lang='lat' dir='ltr'>majore</span> <span class='ocrx_word' id='word_1_144' title='bbox 289 1784 370 1838; x_wconf 92' lang='lat' dir='ltr'>domo</span> <span class='ocrx_word' id='word_1_145' title='bbox 388 1783 524 1837; x_wconf 87' lang='lat' dir='ltr'>modicum</span> <span class='ocrx_word' id='word_1_146' title='bbox 542 1784 655 1838; x_wconf 85' lang='lat' dir='ltr'>sitiente</span> <span class='ocrx_word' id='word_1_147' title='bbox 672 1783 770 1851; x_wconf 88' lang='lat' dir='ltr'>lagena</span> 
     </span>
    </p>

    <p class='ocr_par' dir='ltr' id='par_1_13' title="bbox 107 1859 678 1926">
     <span class='ocr_line' id='line_1_23' title="bbox 107 1859 678 1926; baseline -0.002 -14"><span class='ocrx_word' id='word_1_148' title='bbox 107 1859 194 1912; x_wconf 88' lang='lat' dir='ltr'>Lenia</span> <span class='ocrx_word' id='word_1_149' title='bbox 210 1860 300 1913; x_wconf 89' lang='lat' dir='ltr'>loturo</span> <span class='ocrx_word' id='word_1_150' title='bbox 318 1860 369 1913; x_wconf 90' lang='lat' dir='ltr'>sibi</span> <span class='ocrx_word' id='word_1_151' title='bbox 388 1859 547 1913; x_wconf 83' lang='lat' dir='ltr'>Surrentina</span> <span class='ocrx_word' id='word_1_152' title='bbox 564 1859 678 1926; x_wconf 84' lang='lat' dir='ltr'>rogavit.</span> 
     </span>
    </p>

    <p class='ocr_par' dir='ltr' id='par_1_14' title="bbox 108 1930 959 2064">
     <span class='ocr_line' id='line_1_24' title="bbox 108 1930 959 2004; baseline 0.002 -17"><span class='ocrx_word' id='word_1_153' title='bbox 108 1930 216 2002; x_wconf 91' lang='lat' dir='ltr'>“Heus,</span> <span class='ocrx_word' id='word_1_154' title='bbox 234 1935 313 2004; x_wconf 88' lang='lat' dir='ltr'>bone,</span> <span class='ocrx_word' id='word_1_155' title='bbox 324 1940 356 1990; x_wconf 92' lang='lat' dir='ltr'>tu</span> <span class='ocrx_word' id='word_1_156' title='bbox 368 1934 491 2004; x_wconf 52' lang='lat' dir='ltr'>pallesl’?</span> <span class='ocrx_word' id='word_1_157' title='bbox 514 1934 615 1988; x_wconf 91' lang='lat' dir='ltr'>“Nihil</span> <span class='ocrx_word' id='word_1_158' title='bbox 631 1934 699 1988; x_wconf 91' lang='lat' dir='ltr'>est.&#39;&#39;</span> <span class='ocrx_word' id='word_1_159' title='bbox 730 1934 855 1989; x_wconf 85' lang='lat' dir='ltr'>“Videas</span> <span class='ocrx_word' id='word_1_160' title='bbox 866 1941 959 1990; x_wconf 90' lang='lat' dir='ltr'>tamen</span> 
     </span>
     <span class='ocr_line' id='line_1_25' title="bbox 174 2011 251 2064; baseline 0 0"><span class='ocrx_word' id='word_1_161' title='bbox 174 2011 251 2064; x_wconf 87' lang='lat' dir='ltr'>istud</span> 
     </span>
    </p>

    <p class='ocr_par' dir='ltr' id='par_1_15' title="bbox 107 2085 958 2158">
     <span class='ocr_line' id='line_1_26' title="bbox 107 2085 958 2158; baseline 0.002 -18"><span class='ocrx_word' id='word_1_162' title='bbox 107 2085 244 2155; x_wconf 84' lang='lat' dir='ltr'>Quicquid</span> <span class='ocrx_word' id='word_1_163' title='bbox 260 2088 290 2141; x_wconf 88' lang='lat' dir='ltr'>id</span> <span class='ocrx_word' id='word_1_164' title='bbox 307 2090 361 2141; x_wconf 91' lang='lat' dir='ltr'>est:</span> <span class='ocrx_word' id='word_1_165' title='bbox 387 2087 476 2156; x_wconf 84' lang='lat' dir='ltr'>surgit</span> <span class='ocrx_word' id='word_1_166' title='bbox 487 2087 572 2142; x_wconf 86' lang='lat' dir='ltr'>tacite</span> <span class='ocrx_word' id='word_1_167' title='bbox 589 2088 640 2142; x_wconf 88' lang='lat' dir='ltr'>tibi</span> <span class='ocrx_word' id='word_1_168' title='bbox 658 2088 734 2143; x_wconf 90' lang='lat' dir='ltr'>lutea</span> <span class='ocrx_word' id='word_1_169' title='bbox 751 2087 853 2158; x_wconf 85' lang='lat' dir='ltr'>pellis.&#39;’</span> <span class='ocrx_word' id='word_1_170' title='bbox 935 2106 958 2142; x_wconf 79' lang='lat' dir='ltr'>as</span> 
     </span>
    </p>

    <p class='ocr_par' dir='ltr' id='par_1_16' title="bbox 106 2164 784 2233">
     <span class='ocr_line' id='line_1_27' title="bbox 106 2164 784 2233; baseline 0.003 -16"><span class='ocrx_word' id='word_1_171' title='bbox 106 2164 172 2217; x_wconf 87' lang='lat' dir='ltr'>“At</span> <span class='ocrx_word' id='word_1_172' title='bbox 190 2168 222 2218; x_wconf 92' lang='lat' dir='ltr'>tu</span> <span class='ocrx_word' id='word_1_173' title='bbox 240 2164 360 2218; x_wconf 88' lang='lat' dir='ltr'>deterius</span> <span class='ocrx_word' id='word_1_174' title='bbox 378 2165 478 2233; x_wconf 87' lang='lat' dir='ltr'>palles;</span> <span class='ocrx_word' id='word_1_175' title='bbox 501 2181 536 2220; x_wconf 88' lang='lat' dir='ltr'>ne</span> <span class='ocrx_word' id='word_1_176' title='bbox 554 2165 591 2219; x_wconf 92' lang='lat' dir='ltr'>sis</span> <span class='ocrx_word' id='word_1_177' title='bbox 609 2165 675 2218; x_wconf 92' lang='lat' dir='ltr'>mihi</span> <span class='ocrx_word' id='word_1_178' title='bbox 693 2170 784 2232; x_wconf 89' lang='lat' dir='ltr'>tutor;</span> 
     </span>
    </p>

    <p class='ocr_par' dir='ltr' id='par_1_17' title="bbox 100 2240 945 2311">
     <span class='ocr_line' id='line_1_28' title="bbox 100 2240 945 2311; baseline 0.005 -18"><span class='ocrx_word' id='word_1_179' title='bbox 100 2240 171 2294; x_wconf 79' lang='lat' dir='ltr'>&#39;Jam</span> <span class='ocrx_word' id='word_1_180' title='bbox 183 2241 290 2310; x_wconf 89' lang='lat' dir='ltr'>pridem</span> <span class='ocrx_word' id='word_1_181' title='bbox 301 2240 373 2294; x_wconf 89' lang='lat' dir='ltr'>hunc</span> <span class='ocrx_word' id='word_1_182' title='bbox 386 2243 485 2310; x_wconf 88' lang='lat' dir='ltr'>sepeli:</span> <span class='ocrx_word' id='word_1_183' title='bbox 505 2245 537 2296; x_wconf 91' lang='lat' dir='ltr'>tu</span> <span class='ocrx_word' id='word_1_184' title='bbox 549 2243 661 2297; x_wconf 83' lang='lat' dir='ltr'>restas.&#39;&#39;</span> <span class='ocrx_word' id='word_1_185' title='bbox 692 2243 707 2269; x_wconf 91' lang='lat'>“</span> <span class='ocrx_word' id='word_1_186' title='bbox 716 2242 812 2311; x_wconf 87' lang='lat' dir='ltr'>Perge,</span> <span class='ocrx_word' id='word_1_187' title='bbox 825 2243 945 2297; x_wconf 87' lang='lat' dir='ltr'>taceb0.&#39;’</span> 
     </span>
    </p>

    <p class='ocr_par' dir='ltr' id='par_1_18' title="bbox 106 2317 834 2386">
     <span class='ocr_line' id='line_1_29' title="bbox 106 2317 834 2386; baseline 0.001 -16"><span class='ocrx_word' id='word_1_188' title='bbox 106 2317 242 2385; x_wconf 81' lang='lat' dir='ltr'>Turgidus</span> <span class='ocrx_word' id='word_1_189' title='bbox 259 2317 303 2370; x_wconf 88' lang='lat' dir='ltr'>hio</span> <span class='ocrx_word' id='word_1_190' title='bbox 320 2318 407 2385; x_wconf 89' lang='lat' dir='ltr'>epulis</span> <span class='ocrx_word' id='word_1_191' title='bbox 425 2325 509 2386; x_wconf 90' lang='lat' dir='ltr'>atque</span> <span class='ocrx_word' id='word_1_192' title='bbox 526 2317 589 2372; x_wconf 86' lang='lat' dir='ltr'>albo</span> <span class='ocrx_word' id='word_1_193' title='bbox 607 2324 702 2374; x_wconf 86' lang='lat' dir='ltr'>ventre</span> <span class='ocrx_word' id='word_1_194' title='bbox 720 2319 834 2385; x_wconf 88' lang='lat' dir='ltr'>lavatur,</span> 
     </span>
    </p>

    <p class='ocr_par' dir='ltr' id='par_1_19' title="bbox 106 2393 819 2465">
     <span class='ocr_line' id='line_1_30' title="bbox 106 2393 819 2465; baseline 0.003 -17"><span class='ocrx_word' id='word_1_195' title='bbox 106 2393 225 2448; x_wconf 85' lang='lat' dir='ltr'>Gutture</span> <span class='ocrx_word' id='word_1_196' title='bbox 243 2393 374 2448; x_wconf 83' lang='lat' dir='ltr'>sulfureas</span> <span class='ocrx_word' id='word_1_197' title='bbox 393 2394 497 2447; x_wconf 91' lang='lat' dir='ltr'>lentum</span> <span class='ocrx_word' id='word_1_198' title='bbox 515 2395 660 2451; x_wconf 84' lang='lat' dir='ltr'>exhalante</span> <span class='ocrx_word' id='word_1_199' title='bbox 677 2396 819 2465; x_wconf 88' lang='lat' dir='ltr'>mephites.</span> 
     </span>
    </p>

    <p class='ocr_par' dir='ltr' id='par_1_20' title="bbox 106 2469 956 2542">
     <span class='ocr_line' id='line_1_31' title="bbox 106 2469 956 2542; baseline 0.005 -20"><span class='ocrx_word' id='word_1_200' title='bbox 106 2469 163 2522; x_wconf 83' lang='lat' dir='ltr'>Sed</span> <span class='ocrx_word' id='word_1_201' title='bbox 179 2474 281 2524; x_wconf 89' lang='lat' dir='ltr'>tremor</span> <span class='ocrx_word' id='word_1_202' title='bbox 298 2470 371 2523; x_wconf 88' lang='lat' dir='ltr'>inter</span> <span class='ocrx_word' id='word_1_203' title='bbox 388 2471 451 2523; x_wconf 87' lang='lat' dir='ltr'>vina</span> <span class='ocrx_word' id='word_1_204' title='bbox 468 2470 541 2524; x_wconf 83' lang='lat' dir='ltr'>subit</span> <span class='ocrx_word' id='word_1_205' title='bbox 559 2471 732 2542; x_wconf 87' lang='lat' dir='ltr'>calidumque</span> <span class='ocrx_word' id='word_1_206' title='bbox 749 2472 859 2528; x_wconf 84' lang='lat' dir='ltr'>triental</span> <span class='ocrx_word' id='word_1_207' title='bbox 921 2487 956 2526; x_wconf 89' lang='lat'>100</span> 
     </span>
    </p>

    <p class='ocr_par' dir='ltr' id='par_1_21' title="bbox 106 2544 781 2617">
     <span class='ocr_line' id='line_1_32' title="bbox 106 2544 781 2617; baseline 0.007 -19"><span class='ocrx_word' id='word_1_208' title='bbox 106 2545 219 2599; x_wconf 83' lang='lat' dir='ltr'>Excutit</span> <span class='ocrx_word' id='word_1_209' title='bbox 236 2544 394 2612; x_wconf 90' lang='lat' dir='ltr'>emanibus,</span> <span class='ocrx_word' id='word_1_210' title='bbox 413 2546 511 2600; x_wconf 83' lang='lat' dir='ltr'>dentes</span> <span class='ocrx_word' id='word_1_211' title='bbox 528 2564 659 2617; x_wconf 87' lang='lat' dir='ltr'>crepuere</span> <span class='ocrx_word' id='word_1_212' title='bbox 677 2550 781 2617; x_wconf 88' lang='lat' dir='ltr'>retecti,</span> 
     </span>
    </p>

    <p class='ocr_par' dir='ltr' id='par_1_22' title="bbox 106 2621 790 2692">
     <span class='ocr_line' id='line_1_33' title="bbox 106 2621 790 2692; baseline 0.007 -18"><span class='ocrx_word' id='word_1_213' title='bbox 106 2621 198 2675; x_wconf 89' lang='lat' dir='ltr'>Uncta</span> <span class='ocrx_word' id='word_1_214' title='bbox 215 2621 316 2674; x_wconf 90' lang='lat' dir='ltr'>cadunt</span> <span class='ocrx_word' id='word_1_215' title='bbox 334 2622 403 2675; x_wconf 87' lang='lat' dir='ltr'>laxis</span> <span class='ocrx_word' id='word_1_216' title='bbox 421 2626 487 2676; x_wconf 91' lang='lat' dir='ltr'>tunc</span> <span class='ocrx_word' id='word_1_217' title='bbox 503 2623 685 2692; x_wconf 89' lang='lat' dir='ltr'>pulmentaria</span> <span class='ocrx_word' id='word_1_218' title='bbox 702 2624 790 2679; x_wconf 89' lang='lat' dir='ltr'>labris.</span> 
     </span>
    </p>

    <p class='ocr_par' dir='ltr' id='par_1_23' title="bbox 106 2696 825 2768">
     <span class='ocr_line' id='line_1_34' title="bbox 106 2696 825 2768; baseline 0.008 -19"><span class='ocrx_word' id='word_1_219' title='bbox 106 2696 178 2750; x_wconf 90' lang='lat' dir='ltr'>Hinc</span> <span class='ocrx_word' id='word_1_220' title='bbox 196 2696 269 2757; x_wconf 84' lang='lat' dir='ltr'>tuba,</span> <span class='ocrx_word' id='word_1_221' title='bbox 287 2698 423 2761; x_wconf 87' lang='lat' dir='ltr'>candelae,</span> <span class='ocrx_word' id='word_1_222' title='bbox 441 2699 608 2768; x_wconf 89' lang='lat' dir='ltr'>tandemque</span> <span class='ocrx_word' id='word_1_223' title='bbox 626 2699 752 2754; x_wconf 87' lang='lat' dir='ltr'>beatulus</span> <span class='ocrx_word' id='word_1_224' title='bbox 770 2702 825 2755; x_wconf 88' lang='lat' dir='ltr'>alto</span> 
     </span>
    </p>

    <p class='ocr_par' dir='ltr' id='par_1_24' title="bbox 105 2773 788 2844">
     <span class='ocr_line' id='line_1_35' title="bbox 105 2773 788 2844; baseline 0.006 -18"><span class='ocrx_word' id='word_1_225' title='bbox 105 2773 276 2840; x_wconf 73' lang='lat' dir='ltr'>compositus</span> <span class='ocrx_word' id='word_1_226' title='bbox 294 2774 365 2827; x_wconf 90' lang='lat' dir='ltr'>lecto</span> <span class='ocrx_word' id='word_1_227' title='bbox 382 2775 533 2844; x_wconf 85' lang='lat' dir='ltr'>crassisque</span> <span class='ocrx_word' id='word_1_228' title='bbox 550 2775 656 2831; x_wconf 89' lang='lat' dir='ltr'>lutatus</span> <span class='ocrx_word' id='word_1_229' title='bbox 676 2778 788 2831; x_wconf 90' lang='lat' dir='ltr'>amomis</span> 
     </span>
    </p>

    <p class='ocr_par' dir='ltr' id='par_1_25' title="bbox 106 2849 952 2919">
     <span class='ocr_line' id='line_1_36' title="bbox 106 2849 952 2919; baseline 0.012 -17"><span class='ocrx_word' id='word_1_230' title='bbox 106 2849 140 2903; x_wconf 94' lang='lat' dir='ltr'>In</span> <span class='ocrx_word' id='word_1_231' title='bbox 156 2854 265 2919; x_wconf 90' lang='lat' dir='ltr'>portam</span> <span class='ocrx_word' id='word_1_232' title='bbox 282 2849 384 2918; x_wconf 84' lang='lat' dir='ltr'>rigidos</span> <span class='ocrx_word' id='word_1_233' title='bbox 402 2850 487 2905; x_wconf 90' lang='lat' dir='ltr'>calces</span> <span class='ocrx_word' id='word_1_234' title='bbox 506 2853 644 2907; x_wconf 84' lang='lat' dir='ltr'>extendit:</span> <span class='ocrx_word' id='word_1_235' title='bbox 669 2857 700 2907; x_wconf 91' lang='lat' dir='ltr'>at</span> <span class='ocrx_word' id='word_1_236' title='bbox 716 2852 791 2907; x_wconf 89' lang='lat' dir='ltr'>illum</span> <span class='ocrx_word' id='word_1_237' title='bbox 917 2874 952 2912; x_wconf 83' lang='lat' dir='ltr'>ros</span> 
     </span>
    </p>

    <p class='ocr_par' dir='ltr' id='par_1_26' title="bbox 105 2925 726 2994">
     <span class='ocr_line' id='line_1_37' title="bbox 105 2925 726 2994; baseline 0.005 -15"><span class='ocrx_word' id='word_1_238' title='bbox 105 2925 236 2979; x_wconf 89' lang='lat' dir='ltr'>Hesterni</span> <span class='ocrx_word' id='word_1_239' title='bbox 253 2927 342 2994; x_wconf 90' lang='lat' dir='ltr'>capite</span> <span class='ocrx_word' id='word_1_240' title='bbox 359 2925 455 2981; x_wconf 90' lang='lat' dir='ltr'>induto</span> <span class='ocrx_word' id='word_1_241' title='bbox 472 2927 580 2982; x_wconf 92' lang='lat' dir='ltr'>subiere</span> <span class='ocrx_word' id='word_1_242' title='bbox 599 2929 726 2993; x_wconf 84' lang='lat' dir='ltr'>Quirites.</span> 
     </span>
    </p>

    <p class='ocr_par' dir='ltr' id='par_1_27' title="bbox 106 3002 965 3223">
     <span class='ocr_line' id='line_1_38' title="bbox 139 3002 910 3074; baseline 0.01 -20"><span class='ocrx_word' id='word_1_243' title='bbox 139 3002 237 3069; x_wconf 83' lang='lat' dir='ltr'>Tange,</span> <span class='ocrx_word' id='word_1_244' title='bbox 254 3002 344 3070; x_wconf 90' lang='lat' dir='ltr'>miser,</span> <span class='ocrx_word' id='word_1_245' title='bbox 363 3020 444 3057; x_wconf 84' lang='lat' dir='ltr'>venas</span> <span class='ocrx_word' id='word_1_246' title='bbox 462 3006 491 3057; x_wconf 92' lang='lat' dir='ltr'>et</span> <span class='ocrx_word' id='word_1_247' title='bbox 507 3019 578 3072; x_wconf 90' lang='lat' dir='ltr'>pone</span> <span class='ocrx_word' id='word_1_248' title='bbox 595 3004 624 3058; x_wconf 93' lang='lat' dir='ltr'>in</span> <span class='ocrx_word' id='word_1_249' title='bbox 641 3010 753 3074; x_wconf 87' lang='lat' dir='ltr'>pectore</span> <span class='ocrx_word' id='word_1_250' title='bbox 770 3005 910 3074; x_wconf 82' lang='lat' dir='ltr'>dextram3</span> 
     </span>
     <span class='ocr_line' id='line_1_39' title="bbox 106 3077 965 3149; baseline 0 -19"><span class='ocrx_word' id='word_1_251' title='bbox 106 3077 173 3130; x_wconf 87' lang='lat' dir='ltr'>“Nil</span> <span class='ocrx_word' id='word_1_252' title='bbox 191 3077 262 3132; x_wconf 88' lang='lat' dir='ltr'>calet</span> <span class='ocrx_word' id='word_1_253' title='bbox 279 3078 353 3144; x_wconf 88' lang='lat' dir='ltr'>hic;’&#39;</span> <span class='ocrx_word' id='word_1_254' title='bbox 370 3096 543 3148; x_wconf 90' lang='lat' dir='ltr'>summosque</span> <span class='ocrx_word' id='word_1_255' title='bbox 560 3081 646 3149; x_wconf 89' lang='lat' dir='ltr'>pedes</span> <span class='ocrx_word' id='word_1_256' title='bbox 663 3083 770 3148; x_wconf 64' lang='lat' dir='ltr'>attinge</span> <span class='ocrx_word' id='word_1_257' title='bbox 786 3100 965 3141; x_wconf 45' lang='lat' dir='ltr'>massasque,</span> 
     </span>
     <span class='ocr_line' id='line_1_40' title="bbox 106 3153 864 3223; baseline 0.011 -17"><span class='ocrx_word' id='word_1_258' title='bbox 106 3153 187 3206; x_wconf 90' lang='lat' dir='ltr'>“Non</span> <span class='ocrx_word' id='word_1_259' title='bbox 204 3153 332 3223; x_wconf 84' lang='lat' dir='ltr'>frigent.”</span> <span class='ocrx_word' id='word_1_260' title='bbox 366 3155 438 3211; x_wconf 83' lang='lat' dir='ltr'>Visa</span> <span class='ocrx_word' id='word_1_261' title='bbox 454 3158 501 3211; x_wconf 84' lang='lat' dir='ltr'>est</span> <span class='ocrx_word' id='word_1_262' title='bbox 515 3156 542 3211; x_wconf 86' lang='lat' dir='ltr'>si</span> <span class='ocrx_word' id='word_1_263' title='bbox 555 3157 635 3210; x_wconf 73' lang='lat' dir='ltr'>lorte</span> <span class='ocrx_word' id='word_1_264' title='bbox 648 3156 788 3223; x_wconf 47' lang='lat' dir='ltr'>pausanas</span> <span class='ocrx_word' id='word_1_265' title='bbox 798 3153 864 3200; x_wconf 55' lang='lat' dir='ltr'>&lt;W</span> 
     </span>
    </p>
   </div>
   <div class='ocr_carea' id='block_1_3' title="bbox 98 3214 1007 3301">
    <p class='ocr_par' dir='ltr' id='par_1_28' title="bbox 98 3214 1007 3301">
     <span class='ocr_line' id='line_1_41' title="bbox 98 3214 1007 3301; baseline 0 -20"><span class='ocrx_word' id='word_1_266' title='bbox 98 3228 225 3286; x_wconf 87' lang='lat' dir='ltr'>Candida</span> <span class='ocrx_word' id='word_1_267' title='bbox 242 3232 328 3290; x_wconf 89' lang='lat' dir='ltr'>vicini</span> <span class='ocrx_word' id='word_1_268' title='bbox 347 3234 468 3291; x_wconf 86' lang='lat' dir='ltr'>subrisit</span> <span class='ocrx_word' id='word_1_269' title='bbox 484 3231 577 3289; x_wconf 78' lang='lat' dir='ltr'>moue</span> <span class='ocrx_word' id='word_1_270' title='bbox 591 3229 708 3301; x_wconf 64' lang='lat' dir='ltr'>puelia,</span> <span class='ocrx_word' id='word_1_271' title='bbox 971 3214 1007 3248; x_wconf 39' lang='grc' dir='ltr'>Ἡ</span> 
     </span>
    </p>
   </div>
   <div class='ocr_carea' id='block_1_4' title="bbox 0 0 1024 3510">
    <p class='ocr_par' dir='ltr' id='par_1_29' title="bbox 0 0 1024 3510">
     <span class='ocr_line' id='line_1_42' title="bbox 0 0 1024 3510; baseline 0 1"><span class='ocrx_word' id='word_1_272' title='bbox 0 0 1024 3510; x_wconf 95' lang='lat' dir='ltr'> </span> 
     </span>
    </p>
   </div>
  </div>
 </body>
</html>
