2040 3510
414 180 546 230 SA'I'IRA
562 180 627 232 ΧΠ.
914 180 945 238 15

95 270 245 339 Continuis,
263 269 327 339 quia
344 273 408 325 sunt
425 270 489 324 talis
506 287 616 340 quoque
632 270 725 326 taedia
741 271 814 326 ritae

93 348 203 416 Magna
239 347 405 416 Voluptates
422 347 595 401 commendat
611 348 700 402 rarior
716 363 789 404 usus.

400 661 542 716 sartan
566 660 634 715 XII.

90 807 210 876 Naana
231 807 354 875 Corvino,
375 806 421 861 die
439 807 506 860 mihi
525 806 631 861 dulcior
649 806 716 861 haeo
733 806 789 876 lux,

91 883 254 949 Quatenus
272 884 406 953 promissa
424 883 483 936 deis
502 882 628 935 animalia
645 899 755 953 caespes

89 959 256 1029 nxspeorat„
283 959 399 1013 Niveam
419 959 539 1026 Reginae
558 957 681 1012 ducimus
699 977 809 1028 agnam3

89 1034 145 1089 Par
161 1035 247 1089 vellus
264 1034 377 1089 dabitur
395 1034 528 1102 pugnanti
548 1033 673 1102 Gorgone
692 1034 803 1089 Maura:

89 1110 146 1166 Sed
162 1111 257 1180 prooul
268 1114 412 1164 extensum
424 1108 550 1178 petulans
563 1110 653 1178 quatit
668 1110 758 1165 hostia
768 1112 868 1180 funem,
929 1124 942 1166 5

89 1187 204 1258 Tarpeio
223 1189 331 1242 servata
349 1185 421 1253 Jovi,
442 1185 613 1255 frontemque
632 1190 769 1254 conuscat3

89 1263 196 1333 Quippe
215 1264 292 1317 ferox
312 1262 420 1330 vitulus,
445 1262 554 1331 templis
572 1266 696 1317 maturus
714 1267 743 1318 et
761 1281 824 1319 arae

88 1339 318 1408 spargendusque
338 1355 421 1404 mero,
439 1355 520 1408 quem
538 1338 598 1407 jam
616 1339 703 1408 pudet
721 1340 806 1395 ubera
824 1340 919 1395 matris

88 1414 202 1482 Ducere,
221 1415 268 1484 qui
287 1418 370 1468 vexat
389 1415 512 1468 nascenti
532 1415 631 1468 robora
652 1433 742 1470 cornu.

87 1490 117 1546 Si
135 1508 179 1546 res
198 1490 289 1560 ampla
310 1490 384 1544 domi
405 1489 553 1558 similisque
573 1491 714 1546 affectibus
727 1496 807 1560 esset,
916 1507 941 1550 1o

87 1567 218 1636 Pinguior
236 1566 366 1636 Hispulla
385 1565 541 1619 traheretur
560 1570 656 1620 taurus
676 1568 780 1636 etipsa

87 1643 161 1698 Molo
178 1643 263 1714 piger,
282 1659 333 1696 neo
353 1641 470 1716 finitima
491 1642 610 1695 nutritus
628 1643 656 1695 in
675 1643 767 1711 herba,

86 1720 172 1776 Laeta
190 1720 240 1774 sod
257 1718 404 1773 ostendens
426 1717 555 1771 Clitumni
572 1734 674 1786 pascua
692 1720 801 1788 sanguis

87 1795 153 1864 Iret
173 1799 203 1851 et
221 1814 238 1850 a
256 1794 354 1864 grandi
373 1794 463 1848 cervix
483 1792 605 1847 ferienda
623 1795 754 1863 ministro,

85 1870 130 1926 Ob
146 1873 268 1927 reditum
285 1870 449 1940 trepidantis
468 1869 557 1923 adhuc
574 1870 764 1940 horrendaque
781 1871 854 1942 passi
914 1885 939 1926 ιε

85 1948 181 2017 Nuper
199 1952 229 2004 et
247 1948 411 2002 ineolumem
431 1962 491 2000 sese
510 1945 634 1999 mirantis
653 1948 737 2002 amici.

85 2025 157 2079 Nam
176 2029 287 2095 praeter
306 2024 397 2094 pelagi
416 2038 494 2076 casus
513 2027 542 2077 et
562 2022 677 2090 fulguris
697 2025 767 2079 ictus

86 2101 187 2157 Evasit
225 2101 334 2155 Densae
354 2100 459 2154 caelum
479 2097 645 2153 abscondere
664 2102 794 2156 tenebras

85 2176 167 2232 Nube
185 2194 240 2231 una
259 2176 422 2246 subitusque
441 2179 572 2230 antennas
592 2176 701 2245 impulit
719 2177 795 2246 ignis,

86 2253 174 2319 Quum
196 2269 226 2308 sa
244 2253 360 2322 quisque
378 2252 424 2305 illo
442 2268 600 2320 percussum
619 2251 744 2307 erederet
764 2257 793 2309 et
808 2270 870 2307 mox
914 2264 939 2307 tt

86 2330 230 2384 Attonitus
249 2329 353 2382 nullum
375 2327 492 2382 conferri
512 2343 593 2396 posse
612 2331 723 2394 putaret

84 2404 266 2474 Naufragium
286 2404 352 2458 velis
373 2403 540 2457 ardentibus.
577 2403 674 2456 Omnia
692 2405 762 2459 fiunt

84 2480 167 2549 Talia,
190 2484 248 2536 tam
268 2481 395 2549 graviter,
415 2480 438 2532 si
458 2479 565 2549 quando
582 2479 689 2548 poetica
705 2481 793 2549 surgit

84 2557 250 2627 Tempestas.
287 2558 380 2611 Genus
400 2572 461 2610 eoae
481 2554 556 2608 aliud
575 2554 753 2621 discriminis;
777 2557 842 2611 audi

84 2633 121 2688 ltt
139 2634 268 2688 miserere
287 2634 402 2699 iterum;
427 2648 584 2701 quanquam
603 2632 658 2686 sint
676 2637 767 2687 oetera
787 2634 867 2688 sortis
913 2648 938 2688 25

84 2708 227 2778 Ejusdem
251 2726 314 2780 pars
333 2709 394 2762 dira
412 2708 522 2776 quidem
542 2706 591 2761 sed
608 2708 717 2776 cognita
734 2708 834 2776 multis,

84 2784 122 2840 Et
141 2802 223 2855 quam
242 2786 333 2839 votiva
354 2787 492 2838 testantur
510 2784 575 2838 fana
594 2783 695 2838 tabella

85 2860 212 2916 Plurima
248 2861 371 2916 Pictores
390 2862 452 2931 quis
469 2861 556 2915 nesoit
574 2859 609 2914 ab
630 2860 704 2915 Iside
722 2860 815 2929 pasoii

84 2937 194 2993 Aooidit
212 2941 241 2993 et
258 2942 352 2993 nostro
371 2937 464 2991 similis
483 2938 593 2991 fortuna
612 2935 724 2991 Catullo.

85 3014 176 3080 Quum
193 3014 290 3083 plenus
309 3015 394 3068 fluctu
413 3013 519 3068 medius
537 3014 608 3068 foret
627 3013 719 3066 alveus
737 3010 848 3079 etjam,
911 3023 937 3067 to

85 3090 232 3145 Alternum
250 3090 350 3161 puppis
368 3089 441 3146 latus
460 3089 652 3144 evertentibus
670 3087 768 3152 numa„

79 3165 198 3222 Arboris
218 3167 351 3237 incertae,
373 3167 481 3223 nullam
499 3165 661 3238 punientia
677 3160 746 3216 uarix

71 3241 205 3297 Reotoris
223 3245 371 3303 conferret
389 3263 488 3320 opem,
515 3242 661 3302 ianitore
679 3236 771 3306 'quotu
