2040 3510
91 185 122 232 ss
325 180 357 232 o.
376 181 481 232 suun
496 182 704 232 Juvnusnrs
800 147 805 159 ’

88 272 167 326 Intra
178 287 249 342 quae
260 286 330 343 puer
341 276 391 326 est.
424 272 521 326 Procul
532 272 602 340 hinc,
613 275 709 342 procul
721 272 786 328 inde
797 273 904 344 puellae
915 289 940 332 ss

88 348 227 401 Lenonum
245 352 276 403 ct
294 352 391 402 cantus
410 349 598 418 pernoctantis
613 349 733 416 parasiti

86 423 208 477 Maxima
228 423 347 478 debetur
365 439 451 492 puero
469 425 630 478 reverentia
667 424 696 479 si
715 425 783 494 quid

86 497 176 567 Turpe
194 515 282 567 paras,
301 515 337 553 ne
356 503 388 552 tu
406 500 484 568 pueri
503 500 700 570 contempseris
717 518 808 570 annos,

86 574 143 627 Sed
164 577 312 643 peccaturo
331 575 450 629 obsistat
467 572 518 628 tibi
540 575 610 629 lilius
630 573 726 632 infans.

85 649 157 704 Nam
181 650 290 719 siquid
311 650 425 720 dignum
445 651 569 706 Censoris
587 652 683 707 fecerit
701 654 743 707 ira
912 671 938 711 co

85 726 256 796 Quandoque
274 731 305 782 et
325 728 440 782 similem
460 728 560 783 tibiae
579 744 633 781 non
652 746 766 797 corpore
785 733 894 786 tantum

85 803 143 856 Nec
163 803 241 858 vultu
262 804 380 872 dederit,
401 821 508 858 morum
527 821 636 874 quoqne
655 805 727 859 filius
746 811 775 861 et
797 808 844 878 qui

85 877 183 933 Omnia
202 879 326 935 deterius
344 884 393 936 tua
412 897 462 950 per
480 881 596 949 vestigia
614 886 717 950 peccet,

85 953 221 1023 Corripies
239 957 367 1011 nimirum
388 962 418 1012 et
437 957 584 1026 castigabis
601 958 699 1011 acerbo

85 1029 211 1085 Clamore
229 1048 261 1086 ac
280 1038 343 1102 post
362 1034 431 1088 haec
450 1034 558 1088 tabulas
579 1037 688 1088 mutare
706 1033 822 1102 parabis.
910 1050 935 1090 ss

83 1105 167 1160 Unde
185 1107 236 1162 tlbi
255 1109 374 1164 frontem
392 1110 606 1177 libertatemque
623 1109 745 1179 parentis

75 1181 173 1245 ¹Quum
193 1183 276 1237 facias
297 1184 393 1253 pejora
410 1203 502 1253 senex,
520 1202 689 1254 vacuumque
708 1185 821 1240 cerebro

82 1257 272 1327 iampridem
291 1265 375 1330 caput
393 1263 443 1317 hoc
462 1266 577 1316 ventosa
596 1260 737 1332 cucurbita
757 1264 888 1330 quaerat?

117 1335 236 1405 Hospite
253 1340 369 1391 venturo
387 1339 506 1393 cessabit
522 1354 603 1392 nemo
623 1340 739 1392 tuorum.

82 1410 190 1465 “Verre
209 1412 404 1481 pavimentum,
422 1415 524 1469 nitidas
543 1414 659 1468 ostende
678 1413 823 1480 columnae,
908 1430 933 1470 ao

83 1487 171 1542 Arida
188 1504 250 1542 cum
269 1492 331 1544 tota
349 1490 501 1546 descendat
519 1507 617 1544 aranea
635 1490 707 1556 tela;

82 1563 136 1617 Hic
156 1563 215 1619 leve
232 1570 383 1634 argentum,
405 1583 470 1621 vasa
490 1583 586 1637 aspera
605 1568 714 1636 tergeat
733 1566 827 1632 alter‚’'

81 1638 142 1693 Vox
162 1639 265 1694 domini
282 1642 349 1696 furit
371 1642 499 1698 instantis
517 1644 676 1713 virgamque
696 1643 823 1698 tenentia

81 1714 154 1784 Ergo
171 1717 254 1772 miser
270 1719 393 1788 trepidas
412 1735 447 1773 ne
467 1723 587 1774 stercore
606 1719 688 1773 foeda
707 1718 803 1773 canino

82 1792 163 1846 Atria
180 1793 343 1863 displiceant
361 1797 446 1850 oculis
464 1795 598 1850 venientis
617 1795 704 1862 amici,
903 1811 929 1853 et

80 1867 106 1919 N
108 1883 139 1922 ec
156 1870 267 1937 perfusa
285 1872 344 1926 luto
365 1871 401 1926 sit
419 1873 548 1942 porticus,
568 1873 607 1939 (et
625 1875 717 1926 tamen
734 1888 790 1927 uno
959 1883 961 1887 ’

80 1943 206 1999 Semodio
224 1947 313 2004 scobis
332 1946 400 2002 haec
419 1948 549 2002 emendat
568 1948 690 2001 servulus
708 1948 797 2016 unua)

81 2019 155 2073 lllud
173 2038 227 2075 non
245 2024 333 2091 agitas
351 2028 383 2078 ut
402 2028 525 2078 sanctam
546 2023 617 2076 filius
637 2023 710 2076 omni

80 2095 204 2164 Aspiciat
222 2098 280 2152 sine
298 2099 359 2153 labe
381 2099 492 2153 domum
511 2099 633 2167 vitioque
650 2104 797 2153 carentem.

78 2175 193 2231 Gratum
212 2181 255 2232 est
273 2180 346 2248 quod
363 2181 470 2249 patriae
485 2180 571 2234 civem
588 2178 742 2248 populoque
760 2179 869 2249 dedisti,
904 2195 929 2238 ro

78 2251 108 2304 Si
125 2251 189 2306 facis
207 2261 239 2308 ut
256 2257 362 2323 patrina
380 2257 417 2310 sit
434 2256 556 2322 idoneus,
574 2254 746 2322 utilisagris,

77 2326 162 2382 Utilis
185 2333 214 2384 et
234 2329 366 2384 bellorum
385 2336 416 2386 et
434 2332 510 2401 pacis
529 2330 612 2385 rebus
632 2331 753 2398 agendis.

77 2403 226 2458 Plurimum
235 2407 307 2460 enim
314 2407 441 2463 intererit
449 2408 547 2478 quibus
559 2407 664 2461 artibus
672 2410 702 2461 et
709 2407 927 2477 quibushunctu

76 2480 200 2534 Moribus
218 2482 352 2537 instituas.
389 2484 523 2553 Serpente
541 2484 643 2539 ciconia
661 2483 750 2554 pullos

75 2555 174 2626 llutn‘t
191 2563 221 2612 et
238 2558 349 2613 inventa
366 2577 417 2630 per
435 2561 514 2616 devia
531 2577 596 2615 rura
613 2561 731 2627 lacerta;
902 2574 927 2617 rt

77 2632 122 2686 llli
142 2634 238 2688 eadem
258 2636 355 2690 sumtis
376 2642 512 2706 quaeruut
531 2638 658 2692 animalia
676 2637 774 2708 pinnis.

75 2709 185 2776 Vultur,
198 2711 326 2779 jumento
343 2716 373 2768 et
389 2715 501 2770 canibus
519 2715 698 2783 crucibusque
716 2713 826 2782 relictis,

76 2786 124 2839 Ad
141 2787 214 2842 fetus
230 2793 361 2858 properat
377 2796 540 2860 partemque
557 2790 696 2844 cadaveris
714 2791 800 2845 affert.

75 2861 130 2916 Hic
147 2868 190 2918 est
208 2883 273 2935 ergo
290 2867 367 2922 cibus
383 2868 474 2936 magni
492 2884 601 2936 quoque
618 2866 735 2926 vulturis
752 2871 828 2921 etse

75 2937 223 3008 Peccantis,
241 2943 351 3013 propria
368 2960 452 3014 quum
466 2943 526 3012 jam
543 2942 609 2997 facit
627 2942 724 2996 arbore
741 2941 827 2996 nidos.
900 2957 926 2998 so

72 3012 130 3067 Sed
142 3015 261 3084 leporem
274 3024 322 3073 ant
334 3035 462 3088 capream
473 3019 591 3073 famulae
603 3018 623 3071 J
624 3017 682 3072 oris
693 3021 723 3071 et
739 3032 888 3084 generosae

69 3083 96 3133 m
109 3089 188 3167 saltu
209 3097 349 3148 venantur
364 3111 446 3162 aves;
464 3095 528 3150 hinc
544 3094 649 3165 praeda
665 3092 748 3148 cubili

69 3152 182 3210 bnrrur:
199 3165 270 3218 inde
287 3175 397 3240 autem,
418 3189 508 3244 quum
526 3190 559 3228 se
577 3174 689 3226 matura
702 3167 810 3224 lerabrt

69 3230 191 3286 ⁹8enies
208 3241 388 3306 stimulante
407 3252 497 3322 fame,
515 3250 641 3307 festinat
658 3247 698 3304 nd
713 3246 795 3300 illam
