2040 3510
341 173 474 223 SATIRA
491 172 568 224 XIV.
587 172 649 222 XV.
894 174 925 222 93

76 269 154 323 Η111
171 280 280 336 quoque
294 263 317 318 si
331 278 428 332 rugam
442 261 529 318 trahit
543 261 724 331 extenditque
737 259 872 327 labellum,
890 275 927 314 aas

75 345 158 399 Sume
175 344 245 397 duos
263 341 386 410 Equites,
403 340 447 394 fac
464 340 549 394 tertia
567 339 774 408 quadringenta.

75 420 105 474 Si
122 419 244 474 nondum
260 416 370 484 implevi
388 416 529 483 gremium,
547 416 571 469 si
588 414 720 484 panditur
737 414 818 481 ultra,

76 495 102 550 N
104 512 135 550 ec
153 495 246 549 Croesi
263 493 374 546 fortuna
390 507 520 559 unquam,
536 507 588 545 nec
607 491 716 545 Persica
731 507 817 559 regna

75 571 216 626 Sufficiant
232 570 330 635 animo,
348 583 398 621 nec
416 566 528 622 divitiae
546 568 674 634 Narcissi,

77 647 196 702 Indulsit
214 647 315 702 (iaesar
333 645 377 699 cni
395 643 526 699 Claudius
544 644 643 712 omnia,
662 642 740 712 cuius
892 656 929 696 cao

77 723 173 779 Paruit
190 722 312 792 imperiis
327 737 441 775 uxorem
458 719 582 774 occidere
595 719 697 788 jussus.

387 1061 529 1116 SATlRA
546 1061 607 1116 XV.

79 1183 149 1248 Quis
165 1181 374 1254 nescit,·Volusi
393 1180 544 1250 Bithynice,
563 1181 655 1250 qualia
672 1179 783 1236 demens

79 1260 223 1326 Aegyptus
240 1261 370 1327 portenta
387 1258 475 1313 colati
512 1258 673 1312 Crocodilon
691 1257 790 1311 adorat

79 1333 146 1386 Pars
164 1333 237 1402 haec,
256 1334 302 1387 illa
319 1337 403 1404 pavet
421 1338 542 1389 saturam
560 1333 732 1403 serpentibus
749 1332 811 1387 ibin

79 1410 190 1478 Effigies
208 1412 277 1466 sacri
294 1413 366 1464 nitet
384 1428 467 1466 aurea
484 1411 665 1479 cercopitheci

79 1485 199 1539 Dimidio
216 1487 336 1554 magicae
354 1490 484 1541 resonant
500 1487 548 1541 ubi
566 1487 712 1540 Memnone
730 1484 848 1538 chordae
909 1501 921 1538 e

80 1564 174 1630 Atque
187 1564 270 1616 'vetus
288 1563 380 1617 Thebe
398 1567 509 1617 centum
521 1563 598 1631 jacet
615 1563 714 1616 obruta
731 1561 825 1631 portis

81 1637 140 1690 lllic
157 1638 272 1705 aeluros,
290 1638 334 1692 hic
351 1641 454 1709 piscem
472 1638 597 1705 fluminis,
615 1638 670 1693 illic

34 1735 37 1739 ’
80 1713 190 1782 Oppida
207 1719 266 1768 totu
284 1731 380 1769 canem
398 1719 570 1783 venerantur,
587 1731 668 1768 nemo
685 1715 807 1769 Dianam.

81 1790 196 1844 Porruru
214 1794 243 1845 et
260 1808 343 1859 caepe
360 1792 436 1845 nefas
453 1793 555 1846 violare
571 1796 602 1846 11
618 1792 744 1860 frangere
761 1807 860 1844 morsu.

79 1867 103 1920 Ο
121 1871 229 1921 sanctas
246 1871 350 1936 gentes,
369 1868 468 1935 quihus
487 1868 555 1921 haec
572 1870 721 1921 nascuntur
737 1867 766 1919 in
784 1865 871 1919 hortis
907 1880 930 1917 ιο

80 1943 213 1999 Nunnius!
250 1943 361 1997 Lanatis
378 1943 538 1997 animalibus
557 1943 677 1998 abstinet
693 1941 779 1996 omnis

80 2018 183 2088 Mensa,
201 2020 277 2074 nefas
294 2020 349 2074 illic
366 2020 453 2074 fetum
466 2019 595 2089 jugulare
612 2019 740 2088 capellae,

81 2096 214 2150 Carnibus
232 2096 355 2149 humanis
373 2096 445 2150 vesci
463 2097 535 2150 licet.
574 2096 702 2150 Attenito
720 2109 804 2162 quum

81 2172 146 2226 Tale
164 2189 246 2242 super
263 2189 375 2226 coenam
392 2173 495 2226 facinus
512 2175 638 2226 11111111
655 2171 752 2226 Ulixes

83 2247 204 2314 Alcinoo,
221 2248 304 2302 bilem
322 2252 370 2302 aut
388 2249 472 2303 risum
490 2249 607 2303 fortasse
624 2248 786 2317 quibusdam
909 2263 932 2300 15

83 2324 206 2378 Moverat
224 2330 255 2377 ut
274 2325 390 2378 mendax
408 2325 569 2393 aretalogus.
607 2325 663 2378 “ln
680 2341 755 2378 mare
772 2339 852 2377 nemo

84 2400 164 2453 Hunc
182 2400 266 2454 abicit
284 2417 365 2453 saeva
382 2400 495 2468 dignum
513 2417 633 2470 veraque
652 2399 796 2468 Charybdi,

84 2475 244 2543 Fingentem
262 2476 393 2529 immanes
412 2477 611 2546 Laestrygonas
627 2479 713 2544 atque
731 2475 878 2544 Cyclopas?

83 2550 109 2604 N
111 2567 154 2604 111
172 2551 253 2604 citius
271 2551 387 2618 Scyllam
404 2553 447 2606 vel
465 2552 654 2606 concurrentia
671 2567 736 2604 saxa

83 2627 195 2695 Cyanee,
217 2627 313 2696 plenos
331 2630 361 2681 et
377 2629 588 2697 tempestatibus
605 2631 682 2681 utres
909 2642 934 2680 ao

84 2703 261 2771 Crediderim,
279 2706 328 2757 aut
346 2704 423 2758 tenui
439 2721 596 2773 percussum
615 2704 730 2757 verbere
748 2702 842 2757 (linces

84 2779 120 2833 111
137 2795 199 2834 cum
215 2779 366 2848 remigibus
382 2780 526 2848 grunnisse
544 2780 680 2849 Elpenora
696 2779 793 2848 porcis.

84 2855 150 2909 Tam
168 2855 246 2910 vacui
264 2855 362 2924 capitis
379 2855 509 2925 populum
528 2856 651 2909 Phaeaca
667 2853 811 2925 putaviti'’

85 2931 133 2987 Sic'
145 2932 244 3000 aliquis
260 2933 360 2986 merito
377 2932 497 2986 nondum
516 2932 607 2985 ebrius
624 2936 654 2986 et
671 2931 812 2984 minimum
829 2929 876 2998 qui

84 3008 128 3062 De
146 3009 297 3077 Corcyraea
314 3011 447 3062 temetum
465 3008 584 3062 duxerat
600 3025 685 3074 urna;
911 3021 935 3059 aa

86 3085 165 3138 Solus
182 3084 254 3138 enim
273 3085 323 3138 hoc
345 3085 456 3138 ithacus
473 3085 549 3138 nullo
566 3085 620 3138 sub
634 3090 714 3138 teste
729 3081 861 3134 11111111.

82 3160 141 3212 Nos
157 3159 285 3216 miranda
301 3162 418 3230 quidem
436 3159 491 3216 sed
505 3177 600 3231 nuper
618 3156 747 3212 01111111
762 3149 856 3228 hup&

75 3233 161 3287 Gesta
179 3249 268 3304 super
286 3237 400 3295 calidae
419 3237 588 3295 referemus
601 3230 732 3290 moesiae.
739 3220 846 3286 oepha
