2040 3510
414 181 547 231 SATIRA
564 182 644 232 XIV.
917 183 947 230 85

96 273 221 329 Bullatus
238 285 377 340 parvoque
395 268 492 324 eadem
509 273 602 324 movet
620 284 696 323 arma
711 267 813 322 fritillo.
935 283 948 322 5

94 350 152 405 Nec
169 348 266 404 melius
284 346 320 401 de
338 362 368 400 se
385 346 513 416 cuiquam
531 363 643 416 sperare
659 345 812 415 propinquo

95 424 234 483 Concedet
247 422 366 492 juvenis,
384 423 432 491 qui
448 423 547 477 radere
564 423 663 477 tubera
680 425 778 489 terrae,

94 502 223 556 Boletum
241 498 353 553 condire
370 504 400 551 ot
417 499 513 552 eodem
528 499 592 566 jure
609 502 737 552 natantes

93 578 222 646 Mergere
239 574 370 629 ficedulas
388 573 491 640 didicit,
509 575 645 629 nebulone
662 585 778 643 parente

94 655 132 709 Et
151 671 219 708 cana
236 652 409 705 monstrante
426 651 496 718 gula.
532 650 622 712 Quum
640 651 773 718 septimus
790 669 877 706 annus
923 666 946 707 10

92 730 243 784 ‘l'ransierit
260 743 353 796 puero,
371 725 492 779 nondum
515 727 588 779 omni
606 727 689 780 dente
708 732 811 796 renato,

93 805 229 860 Barbatus
246 803 312 857 licet
329 802 474 856 admoveas
490 801 564 855 mille
581 802 646 856 inde
664 803 808 870 magistros

93 881 167 934 Hinc
185 880 309 943 totidem,
327 879 420 946 cupiet
438 876 513 930 lauto
532 893 646 931 coenare
664 882 764 946 paratu

93 957 208 1026 Semper
225 959 255 1010 et
272 973 290 1009 a
307 969 476 1021 magnanon
495 953 663 1020 degenerare
681 955 777 1009 culina

93 1033 190 1088 Mitem
208 1032 329 1086 animum
346 1034 376 1085 ct
393 1046 483 1083 mores
500 1028 613 1082 modicis
631 1031 766 1086 erroribus
784 1048 886 1100 aequos
921 1047 944 1085 re

93 1109 233 1179 Praecipit
250 1114 333 1179 atque
351 1107 455 1161 animas
472 1121 612 1160 serrorum
631 1109 661 1160 et
677 1124 792 1176 corpora
809 1114 901 1162 nostra

92 1186 211 1241 Materia
228 1190 354 1240 constare
371 1185 453 1253 putat
469 1183 637 1253 paribusque
655 1183 805 1252 elementis,

91 1265 138 1316 An
154 1263 259 1318 saevire
276 1261 357 1316 docet
375 1260 492 1326 Rutilus,
512 1259 558 1328 qui
576 1260 681 1328 gaudet
697 1261 796 1316 acerbo

91 1339 238 1407 Plagarum
255 1339 374 1406 strepitu
392 1340 422 1391 et
439 1336 542 1390 nullam
560 1336 655 1391 Sirena
672 1337 785 1406 flagellis

91 1416 246 1485 Comparat,
260 1414 428 1483 Antiphates
440 1413 543 1483 trepidi
556 1413 633 1467 Laris
645 1431 677 1468 ac
691 1415 878 1484 Polyphemus,
918 1430 943 1471 20

90 1491 160 1545 ‘lum
179 1491 246 1546 felix
267 1491 375 1560 quoties
395 1490 493 1558 aliquis
516 1493 620 1544 tortore
639 1496 734 1545 vocato

90 1567 188 1622 Uritur
206 1567 315 1622 ardenti
335 1567 390 1621 duo
408 1571 522 1636 propter
540 1566 626 1620 lintea
644 1566 735 1623 serrol

91 1643 164 1709 Quid
182 1643 281 1698 suadet
295 1643 393 1713 juveni
411 1644 500 1697 laetus
520 1642 638 1697 stridore
657 1649 777 1713 catenae,

90 1719 178 1784 Quem
196 1720 266 1774 mire
284 1721 404 1774 afficiunt
421 1718 554 1786 inscripta
572 1720 717 1787 ergastula,
739 1738 831 1776 carcer

89 1794 236 1850 Rusticusl
272 1797 422 1865 Exspectas
440 1802 472 1849 ut
490 1813 546 1851 non
564 1794 602 1850 sit
621 1795 748 1850 adultera
768 1798 873 1866 Largae
916 1814 940 1852 ra

88 1870 167 1940 Filia,
186 1888 258 1940 quae
274 1889 413 1942 nunquam
431 1876 571 1927 maternos
592 1872 683 1926 dicere
702 1874 827 1942 moechos

88 1948 153 2001 ‘lam
173 1950 229 2003 cito
248 1965 299 2003 nec
317 1951 395 2002 tanto
413 1948 518 2016 poterit
536 1952 684 2002 contexere
704 1966 786 2004 cursu

88 2023 129 2079 Ut
147 2042 201 2079 non
218 2030 263 2080 ter
281 2025 372 2078 decies
390 2025 522 2093 respiret?
559 2024 673 2079 Conscia
691 2029 774 2080 matri

87 2099 175 2170 Virgo
193 2102 262 2167 fuit;
279 2117 355 2155 ceras
376 2118 447 2155 nunc
465 2101 517 2156 hac
536 2101 659 2156 dictante
678 2103 791 2172 pusillas

89 2177 199 2248 Implet,
218 2177 302 2234 etad
321 2178 463 2232 moechum
483 2178 532 2232 dat
552 2177 655 2232 eisdem
676 2179 748 2234 ferre
767 2181 893 2237 cinaedis.
913 2199 938 2236 so

88 2254 132 2309 Sic
149 2259 248 2309 natura
261 2253 356 2322 jubet:
376 2254 493 2308 velocius
513 2257 542 2308 et
561 2253 642 2308 citius
663 2271 712 2308 nos

88 2330 272 2400 Corrumpunt
289 2330 417 2385 vitiorum
436 2330 562 2399 exempla
580 2330 738 2398 domestica,
757 2335 862 2400 magnis

88 2406 178 2472 Quum
196 2406 314 2462 subeunt
332 2406 437 2460 animos
455 2406 619 2459 auctoribus
656 2407 735 2460 Unus
754 2412 784 2462 et
803 2410 874 2463 alter

87 2481 214 2537 Forsitan
232 2484 299 2537 haec
322 2485 454 2553 spernant
474 2482 597 2551 juvenes,
618 2483 716 2552 quibus
738 2489 798 2539 arte
819 2485 936 2553 benigna

86 2557 124 2613 Et
143 2559 254 2614 meliore
274 2559 333 2614 luto
352 2559 432 2614 finxit
451 2558 612 2627 praecordia
631 2559 726 2624 'litam
911 2577 935 2615 ³5

86 2634 142 2690 Sed
161 2636 281 2705 reliquos
300 2635 432 2704 fugienda
450 2640 560 2704 patrum
579 2635 695 2702 vestigia
715 2635 826 2703 ducunt,

85 2711 122 2765 llt
142 2715 294 2766 monstrata
314 2712 362 2766 diu
380 2713 481 2765 veteris
500 2709 586 2764 trahit
606 2711 697 2765 orbita
715 2712 819 2780 culpae.

86 2787 234 2842 Abstineas
252 2789 338 2856 igitur
356 2788 533 2851 damnandis;
551 2787 633 2856 hujus
652 2787 724 2841 enim
743 2788 787 2842 vel

85 2861 149 2918 Una
166 2869 264 2933 potens
283 2865 354 2918 ratio
373 2869 423 2931 est,
442 2882 477 2918 nc
496 2863 609 2918 crimina
628 2865 721 2916 nostra
741 2866 890 2933 sequantur

85 2938 127 2993 llx
146 2940 224 2994 nobis
242 2941 341 3008 geniti:
360 2941 487 3009 quoniam
508 2938 610 2993 dociles
629 2938 768 2993 imitandis
909 2957 933 2996 40

84 3014 220 3085 imprbus
238 3033 269 3070 ac
289 3017 380 3086 pravis
399 3033 493 3071 omnes
511 3033 613 3084 sumus,
633 3019 663 3069 et
684 3014 830 3068 Catilinam

84 3092 253 3161 Quocrmque
271 3093 300 3147 in
321 3093 423 3164 populo
440 3093 549 3160 uideas,
565 3105 738 3161 quocunque
758 3087 816 3137 exin
833 3099 916 3138 axe,

79 3166 136 3221 Sed
153 3184 207 3223 nec
225 3168 333 3226 Brutus
352 3171 409 3228 crit
428 3169 519 3226 Bruti
533 3183 593 3224 nec
608 3159 775 3220 aruncum
790 3161 933 3212 Qum

68 3243 120 3298 ml
140 3244 220 3301 aaa
240 3247 364 3306 foedum
382 3251 515 3322 usuque
528 3247 611 3304 aaa
623 3238 741 3297 sama
756 3226 875 3285 ΜΨ·
