2040 3510
87 170 118 226 74
323 171 355 221 D.
373 173 391 221 J
395 171 480 222 UNII
496 171 706 220 JUVENALIS

87 262 294 317 Irritamentum
312 260 427 315 Veneris
445 261 599 330 languentis
617 264 646 315 et
665 278 740 317 acres
823 255 827 261 ’
930 288 933 295 ·

86 339 186 393 Divitis
205 338 316 393 urticae.
352 337 442 406 Major
459 342 552 392 tamen
571 338 624 392 ista
643 338 768 407 voluptas

85 414 210 469 Alterius
228 431 322 471 sexus:
346 414 433 482 magis
451 414 497 468 ille
515 414 681 482 extenditur,
700 420 729 470 11
747 431 811 470 mox

54 531 60 541 .
85 490 206 545 Auribus
226 494 310 560 atque
330 491 414 545 oculis
432 494 564 560 concepta
582 490 662 544 urina
680 495 812 546 movetur.
905 505 940 546 170

84 566 111 620 N
112 583 147 620 on
164 567 237 635 capit
255 567 305 621 has
322 583 410 636 nugas
428 566 538 620 humilis
557 567 668 623 domus:
692 567 787 622 audiat
804 567 850 622 ille

84 643 226 697 Testarum
244 643 365 712 crepitus
384 659 445 696 cum
463 642 553 697 verbis
570 642 674 696 nudum
693 643 765 697 olido
784 646 860 697 stans

84 719 199 774 Fomice
215 719 378 788 mancipium
397 718 496 789 quibus
514 719 640 786 abstinet,
659 719 705 774 ille
724 720 832 775 fruatur

83 795 203 850 Vocibus
221 795 362 850 obscoenis
380 796 508 865 omnique
526 796 646 850 libidinis
665 801 732 865 arte,

83 872 136 937 Qui
156 873 400 927 Lacedaemonium
417 873 565 943 pytismate
584 873 701 928 lubricat
720 873 821 927 orbem.
900 886 935 928 111

83 948 210 1018 Namque
226 949 265 1003 ibi
283 950 410 1004 fortunae
428 949 533 1004 veniam
553 949 662 1014 damus;
684 949 744 1004 alea
762 947 862 1019 turpis‚'

82 1024 171 1093 Turpe
188 1029 218 1080 11
235 1025 401 1080 adulterium
419 1026 607 1080 mediocribus
644 1026 722 1080 Haec
739 1025 838 1080 eadem
856 1024 895 1079 illi

82 1100 180 1155 Omnia
197 1119 282 1171 quum
299 1101 403 1156 faciunt
420 1102 521 1156 hilares
539 1101 675 1170 nitidique
693 1105 831 1156 vocantur.

82 1175 184 1231 Nostra
201 1178 308 1233 dabunt
325 1178 392 1232 alios
411 1178 493 1232 hodie
512 1178 635 1232 convivia
652 1178 744 1234 ludos:

82 1252 214 1309 Conditor
231 1253 334 1308 Iliados
353 1254 508 1308 cantabitur
526 1257 610 1324 atque
629 1255 749 1309 Maronis
898 1266 935 1306 rso
966 1281 973 1295 ι

82 1329 202 1384 Altisoni
222 1330 333 1384 dubiam
351 1330 479 1385 facientia
497 1331 618 1385 carmina
636 1331 759 1400 palmam

83 1405 154 1471 Quid
172 1409 257 1461 refcrt
273 1406 342 1460 tales
359 1423 454 1460 versus
473 1423 528 1475 qua
547 1424 612 1463 voce
631 1407 776 1476 leganturl

116 1481 170 1536 Sed
189 1498 261 1535 nunc
279 1481 372 1536 dilatis
392 1486 485 1536 averte
504 1483 614 1552 negotia
631 1483 704 1537 curis

81 1559 118 1612 lit
135 1561 243 1626 gratam
260 1557 383 1627 requiem
402 1557 474 1612 dona
492 1558 553 1629 tibi,
572 1560 682 1628 quando
700 1556 795 1613 licebit

67 1634 136 1699 ,Per
152 1637 241 1689 totum
259 1651 368 1688 cessare
388 1634 474 1690 diem:
497 1652 552 1690 non
571 1637 672 1689 fenoris
691 1635 747 1688 ulla
897 1648 933 1689 18⁶

81 1711 191 1777 Montio,
210 1726 260 1765 nec
279 1711 368 1780 prima
386 1712 410 1765 si
427 1711 488 1766 luce
507 1729 616 1780 egressa
633 1711 734 1766 revert’

81 1786 168 1840 Nocte
187 1785 256 1841 solet
273 1787 358 1841 tacito
377 1787 460 1842 bilem
479 1788 532 1841 tibi
551 1788 696 1843 contrahat
714 1803 791 1856 uxor,

81 1862 203 1916 Humida
219 1862 352 1932 suspectis
369 1862 491 1918 referens
511 1864 633 1919 multicia
651 1864 726 1932 mgis

81 1939 257 2008 vexatasque
275 1956 366 1994 comas
385 1943 414 1994 et
434 1941 540 1995 vultum
560 1957 709 2010 auremque
727 1939 868 1995 calentem.

80 2013 208 2069 Protinus
227 2019 292 2070 ante
308 2032 399 2069 meum
420 2016 555 2086 quidquid
574 2017 649 2071 dolet
670 2033 739 2070 exue
757 2015 853 2082 limen;
895 2033 931 2072 190

80 2089 154 2146 Pone
172 2090 283 2146 domum
300 2094 329 2146 et
346 2108 439 2146 servos
456 2096 486 2146 et
504 2093 640 2162 quidquid
658 2092 793 2159 frangitur
808 2091 861 2146 illis

79 2168 140 2221 Aut
158 2168 244 2237 perit;
267 2168 388 2236 ingratos
407 2170 473 2222 ante
491 2169 581 2222 omnia
599 2185 670 2239 pone
689 2167 804 2223 sodales.

80 2243 191 2299 Interea
209 2244 405 2312 Megalesiacae
424 2245 579 2313 spectacula
600 2260 722 2314 mappae,

79 2319 194 2373 Idaeum
213 2319 350 2387 sollemne,
371 2319 470 2387 colunt,
490 2320 637 2389 similisque
656 2319 795 2390 triumpho

79 2395 186 2449 Praeda
204 2395 369 2450 caballorum
389 2395 505 2450 Praetor
522 2397 600 2451 sedet
617 2414 656 2463 aa,
674 2397 740 2450 mihi
757 2413 825 2467 pace
894 2413 929 2454 111

79 2472 233 2528 Immensae
250 2472 405 2542 nimiaeque
424 2472 491 2528 licet
512 2473 535 2526 si
554 2474 646 2528 dicere
662 2473 757 2543 plebis,

77 2548 173 2603 Totam
191 2547 272 2602 hodic
290 2549 406 2602 Romam
424 2548 518 2604 Circus
537 2550 612 2618 capit
628 2553 658 2605 11
675 2550 767 2619 fragor
783 2565 878 2604 aurem

78 2622 202 2679 Perculit
220 2627 348 2678 eventum
368 2623 463 2678 viridis
483 2642 538 2695 quo
557 2626 653 2695 colligo
671 2627 767 2696 panni:

79 2700 150 2755 Nam
170 2700 193 2753 si
212 2698 341 2754 deficeret
357 2704 491 2755 moestam
509 2702 709 2772 attonitamque
726 2701 834 2755 videres

77 2777 157 2830 Hanc
174 2774 278 2845 urbem,
294 2777 379 2832 veluti
397 2776 552 2831 Cannarum
569 2777 598 2831 in
615 2778 727 2846 pulvere
744 2777 823 2831 victis
892 2792 928 2832 aco

76 2851 247 2906 Consulibus.
283 2852 413 2920 Spectent
431 2852 555 2921 juvenes,
574 2869 642 2922 quos
660 2852 762 2908 clamor
778 2856 808 2908 et
825 2852 917 2909 audax

76 2928 198 2997 Sponsio,
216 2944 284 2998 quos
301 2929 391 2982 cultae
408 2928 489 2984 decet
506 2929 640 2983 assedisse
657 2929 777 2998 puellae:

75 3003 179 3058 Nostra
196 3002 274 3058 bibat
291 3020 405 3058 remum
423 3008 565 3059 contracta
581 3004 700 3058 cuticula
717 3006 802 3059 solem

16 3208 18 3229 Ξ
49 3080 251 3208 mal&
267 3083 366 3224 iffi}
382 3080 873 3228 qffiqdaldlrcsldlidaahllngamsffigemit
891 3173 932 3214 uus

16 3213 92 3313 [Ad
100 3228 226 3282 sertam.
264 3230 380 3289 Facere
398 3234 455 3292 boo
472 3252 533 3292 non
550 3237 644 3310 possis
659 3234 788 3306 quinque
804 3231 906 3287 diebus
