2040 3510
100 185 131 232 98
338 176 369 225 D.
387 176 492 226 JUNII
510 175 529 224 J
532 176 717 226 UVENALIS

103 269 212 324 Audeat
231 282 358 322 excussos
376 265 502 319 Praetori
520 265 669 320 ostendere
687 267 793 335 dentes,
929 283 952 321 ro

100 346 135 399 Iit
154 345 261 411 nigram
278 343 305 394 in
323 342 392 395 facie
408 341 523 395 tumidis
540 341 671 395 livoribus
688 343 778 410 offam,

100 425 195 490 Atque
212 419 326 482 oculum,
344 417 449 471 medico
467 418 505 471 nil
522 418 709 487 promittente,
727 420 859 474 relictum.

99 497 249 551 Bardaicus
262 494 351 563 judex
370 495 452 547 datur
471 494 538 548 hacc
555 495 653 564 punire
670 495 773 550 volenti

99 573 211 628 Calceus
229 577 258 627 et
276 572 394 639 grandes
412 587 510 638 magna
527 572 564 625 ad
581 571 709 630 subsellia
727 589 814 640 suras,

100 646 219 718 Legibus
237 649 355 716 antiquis
373 652 523 700 castrorum
542 652 571 702 et
588 663 664 701 more
683 649 791 703 Camilli
928 668 951 705 15

100 727 220 792 Servate,
234 725 310 777 miles
328 741 364 777 ne
381 722 481 777 vallum
499 724 590 791 litiget
608 728 688 778 extra

100 803 137 856 Et
154 801 247 871 procul
265 818 282 854 a
300 801 391 868 signis.
425 801 583 854 Justissima
603 801 800 856 Centurionum

100 878 225 947 Cognitio
244 882 286 931 est
304 877 388 944 igitur
406 876 442 931 de
459 877 565 943 milite;
588 894 639 932 nec
656 878 723 931 mihi
740 878 829 932 deerit

88 956 175 1013 ,Ultio
193 955 216 1008 si
230 953 325 1022 justae
342 954 466 1008 defertur
485 970 567 1007 causa
586 954 720 1022 querelae.

100 1032 168 1085 Tota
186 1031 282 1084 cohors
300 1034 392 1084 tamen
410 1034 455 1084 cst
471 1031 587 1099 inimica,
599 1048 747 1099 omnesque
765 1032 878 1100 manipli
927 1048 951 1087 ro

100 1108 239 1162 consensu
255 1123 353 1174 magno
371 1106 491 1160 efficiunt
508 1107 636 1161 curabilis
654 1112 686 1161 ut
703 1108 741 1161 sit

99 1183 230 1238 Vindicta
246 1183 355 1250 gravior
372 1199 454 1251 quam
471 1182 578 1251 injuria
613 1183 733 1250 Dignum
751 1184 805 1238 erit
822 1201 889 1252 ergo

100 1260 295 1317 Declamatoris
312 1259 414 1312 mulino
432 1259 515 1313 corde
533 1260 648 1328 Vagelli,

100 1336 190 1401 Quum
208 1335 262 1388 duo
280 1351 361 1388 crura
378 1334 480 1389 habeas
498 1335 635 1390 offendere
652 1340 695 1390 tot
713 1337 820 1405 caligas,
832 1340 876 1392 tot

99 1413 187 1466 Millia
203 1411 348 1465 clavorum.
386 1411 452 1476 Quis
470 1416 527 1465 tam
544 1412 638 1481 procul
657 1413 731 1467 absit
748 1413 783 1466 ab
801 1413 879 1467 Urbe
926 1429 951 1467 rs

100 1489 262 1542 Praetereal
281 1487 341 1556 quis
360 1491 416 1541 tam
436 1487 555 1556 Pylades
573 1488 672 1542 molem
691 1490 798 1558 aggeris
815 1489 888 1543 ultra
951 1517 954 1523 ·

99 1565 140 1620 Ut
157 1565 265 1619 veniatl
293 1564 434 1617 Lacrimae
451 1565 588 1619 siccentur
604 1566 737 1635 protinus,
750 1570 780 1620 et
796 1581 826 1620 se

99 1642 284 1695 Excusaturos
301 1656 355 1693 non
374 1640 549 1694 sollicitemus
566 1642 672 1707 amicos,

99 1717 163 1770 “Da
180 1717 305 1784 testem‚’'
316 1715 405 1784 judex
424 1734 508 1784 quum
527 1717 635 1771 dixerit.
672 1718 786 1772 Audeat
803 1717 849 1772 illo

100 1793 198 1847 Nescio
218 1792 279 1860 quis
296 1809 400 1861 pugnos
417 1793 464 1861 qui
482 1793 552 1848 vidit
570 1793 669 1861 dicero,
682 1793 793 1860 “Vidi'’
923 1808 949 1846 ao

100 1870 136 1923 Et
153 1869 262 1923 credam
281 1869 394 1936 dignum
412 1869 498 1922 barba
515 1869 682 1937 dignumque
699 1869 804 1937 capillis

100 1946 245 2014 Majorum.
280 1946 367 2000 citius
385 1945 481 1999 falsum
498 1946 651 2015 producere
668 1949 768 1999 testem

100 2022 202 2076 Contra
216 2039 353 2091 paganum
370 2023 456 2090 possis
475 2039 557 2089 quam
575 2038 640 2075 vera
657 2020 815 2088 loquentem

99 2097 202 2152 Contra
218 2099 355 2152 fortunam
373 2097 472 2151 armati
489 2101 638 2165 contraque
656 2095 795 2165 pudorem

134 2174 259 2227 Praemia
270 2189 341 2226 nunc
353 2173 406 2225 alia
417 2176 501 2240 atque
517 2172 571 2225 alia
584 2172 768 2226 emolumenta
779 2174 905 2226 notemus
922 2188 947 2227 aa

98 2251 342 2305 Sacramentorum.
381 2247 537 2302 convallem
555 2248 627 2302 ruris
644 2248 711 2302 aviti

100 2326 244 2394 Improbus
261 2330 310 2379 aut
328 2341 453 2393 campum
471 2325 537 2378 mihi
556 2326 579 2378 si
596 2325 700 2379 ricinus
717 2324 828 2394 ademit,

98 2403 134 2457 Et
152 2419 258 2456 sacrum
276 2402 371 2456 effodit
389 2400 480 2455 medio
499 2401 534 2455 de
551 2402 640 2456 limite
657 2414 753 2455 saxum

100 2478 179 2544 Quod
197 2495 258 2532 mea
274 2496 336 2533 cum
354 2476 448 2547 patulo
466 2477 550 2533 coluit
566 2478 628 2548 puls
646 2495 735 2532 annua
752 2479 822 2543 libo;

99 2555 213 2609 Debitor
231 2559 279 2609 aut
296 2560 400 2609 sumtos
417 2555 507 2623 pergit
524 2572 578 2608 non
595 2554 714 2608 reddere
731 2570 864 2621 nummos,
921 2568 946 2607 lo

99 2631 177 2685 Vana
195 2633 355 2701 supervacui
372 2632 465 2685 dicens
482 2631 662 2700 chirographa
678 2631 761 2698 ligni;

99 2708 305 2777 Exspectandus
322 2709 376 2764 erit
393 2709 441 2777 qui
458 2709 521 2763 lites
537 2708 647 2762 inchoet
664 2723 750 2760 annus

99 2785 193 2839 Totius
210 2785 317 2854 populi;
341 2787 391 2840 sed
409 2790 473 2840 tunc
491 2802 600 2854 quoque
619 2783 693 2838 mille
710 2781 824 2836 ferenda

99 2861 208 2928 Taedia,
221 2862 295 2916 mille
313 2879 420 2928 morae;
442 2862 525 2916 toties
542 2860 671 2915 subsellia
688 2862 796 2912 tantum
864 2894 867 2898 -

99 2937 277 3004 Sternuntur;
301 2943 367 3005 tum,
385 2938 502 2996 facundo
519 2942 638 3008 ponente
656 2937 778 2990 lacernas
922 2951 946 2990 4⁵

100 3013 226 3068 Caedicio
244 3018 273 3070 et
290 3016 377 3069 Fusco
391 3014 450 3083 jam
469 3016 648 3080 micturiente,
664 3011 755 3083 parati

83 3086 272 3149 Drgrredr'mur
286 3093 420 3161 lentaque
437 3092 489 3146 fori
505 3107 658 3161 pugnamus
674 3104 765 3142 arena

69 3155 129 3206 Ast
144 3161 205 3212 illm
224 3182 298 3232 quos
315 3187 398 3225 arma
416 3174 520 3240 tegunt
537 3173 569 3226 et
585 3168 697 3224 balteus
713 3164 803 3218 ambit

69 3221 144 3281 ΡΜ
153 3234 306 3300 Placitum
326 3252 375 3302 est
393 3248 468 3320 ipsis
487 3251 655 3320 praestatur
672 3249 788 3311 tamnu
803 3237 918 3306 agendi,
