2040 3510
94 157 125 206 82
327 156 358 204 D.
376 155 481 205 JUNII
498 154 710 205 JUVENALIS

94 247 203 302 Ardeat
220 247 280 318 ipsa
297 247 363 301 licet
379 246 523 300 tormentis
541 246 643 314 gaudet
661 246 778 302 amantis

93 323 131 378 nt
148 325 246 392 spoliis.
282 325 372 392 Igitur
389 323 468 390 longe
486 323 576 376 minus
592 323 665 377 utilis
682 323 723 377 illi
904 339 940 379 aro

93 400 171 455 Uxor
188 400 309 469 quisquis
327 400 380 453 e'rit
397 400 485 452 bonus
503 400 693 468 optandusque
711 400 832 455 maritus.

93 476 139 530 Nil
158 494 277 545 uuquam
295 477 381 530 invita
399 475 512 529 donabis
530 476 660 544 conjuge;
678 478 778 531 rendae

93 553 154 607 Hac
171 552 298 607 obstante
316 552 396 618 nihil;
413 551 479 604 nihil
496 552 563 605 haec
581 553 604 606 si
620 553 696 607 nolet
713 555 828 607 emetur.⁴

93 630 170 684 Haec
188 630 264 684 dabit
282 629 407 693 affectns3
425 628 471 682 ille
489 629 652 684 excludatur
669 630 770 684 amicus

91 707 156 760 Jam
173 706 270 774 senior,
288 705 366 774 cujus
384 704 498 759 barbam
515 709 564 759 tua
576 705 662 774 janua
679 707 756 761 vidit.
903 723 937 762 215

91 782 221 837 'laetandi
238 799 322 850 quum
341 781 377 835 sit
395 781 536 834 lenonibus
553 787 636 849 atquo
654 783 759 837 lanistis

92 858 216 912 Libertas
234 862 263 912 et
277 857 349 925 juris
367 857 440 910 idem
458 858 598 926 contingat
616 875 720 925 arenae,

91 935 117 988 N
119 951 153 988 on
171 951 241 988 unus
258 934 310 988 tibi
327 934 420 987 rivalis
437 934 587 988 dictabitur
604 935 691 990 heres.

91 1011 188 1065 “Pone
206 1027 313 1065 crucem
332 1011 435 1064 servo.'’
471 1011 594 1064 “Meruit
612 1029 665 1080 quo
683 1013 796 1068 crimine
813 1029 906 1069 servus

91 1087 277 1157 Supplicium?
295 1087 355 1156 quis
368 1087 447 1140 testis
459 1087 554 1140 adestl
573 1089 634 1153 quis
646 1087 763 1142 detulitl
794 1090 884 1145 Audi:
903 1106 941 1144 aaa

91 1164 173 1219 Nulla
191 1180 310 1232 unquam
329 1164 364 1216 de
383 1168 470 1216 morte
488 1162 604 1216 hominis
622 1165 757 1218 cunctatio
775 1165 855 1234 longa
872 1168 936 1222 est.”

91 1241 134 1295 “O
153 1240 273 1308 demens,
291 1241 331 1293 ita
349 1255 442 1293 servus
460 1239 540 1292 homo
558 1242 617 1294 esti
635 1240 674 1293 nil
692 1240 797 1310 fecerit,
816 1246 889 1297 esto:

92 1317 151 1371 Hoc
169 1316 236 1383 volo,
256 1315 295 1369 sic
308 1315 402 1384 jubeo,
421 1315 457 1369 sit
474 1332 524 1383 pro
542 1317 649 1370 ratione
667 1315 814 1372 voluntas.''

91 1393 214 1461 Imperat
232 1409 296 1460 ergo
313 1392 385 1445 viro:
404 1391 453 1444 sed
470 1409 533 1444 mox
552 1393 619 1446 haec
637 1410 722 1461 regna
737 1393 868 1463 relinquit

91 1468 289 1538 Permutatque
307 1469 401 1521 domos
419 1473 448 1520 et
466 1467 563 1521 damea
580 1471 708 1524 conterit:
727 1469 792 1524 inde
899 1487 935 1526 aaa

90 1546 191 1600 Avolat
208 1549 238 1600 et
255 1545 341 1613 spreti
359 1545 462 1613 repetit
479 1545 594 1613 vestigia
610 1546 679 1600 lecti.

90 1621 208 1676 Ornatas
226 1622 306 1692 paulo
325 1626 389 1675 ante
406 1621 485 1687 fores,
501 1622 651 1691 pendentia
669 1623 769 1692 linquit

89 1698 159 1752 Vela
177 1697 274 1752 domus
292 1702 321 1752 et
339 1697 427 1751 adhuc
445 1698 546 1752 virides
564 1699 592 1752 in
610 1699 703 1753 limine
721 1717 816 1756 ramos.

90 1775 135 1830 Sic
153 1774 249 1829 crescit
266 1791 409 1828 numerus:
428 1774 466 1828 sic
483 1775 552 1828 fiunt
568 1779 630 1829 octo
647 1776 739 1830 mariti

90 1852 214 1920 Quinque
232 1869 283 1922 per
299 1855 456 1906 autumnos:
474 1852 555 1906 titulo
570 1870 614 1906 res
633 1852 715 1920 digna
732 1855 858 1922 sepulcri.
899 1871 935 1910 2³0

126 1928 303 1998 Desperanda
322 1928 374 1981 tibi
393 1928 467 1982 salva
486 1928 632 1982 concordia
650 1945 734 1983 socru.

90 2006 142 2059 Illa
161 2005 241 2059 docet
260 2005 351 2071 spoliis
370 2004 435 2057 nudi
455 2004 576 2072 gaudere
594 2005 698 2069 mariti;

90 2083 143 2136 illa
160 2082 248 2150 docet,
267 2082 356 2135 missis
375 2098 391 2135 a
410 2086 568 2150 corruptore
587 2081 702 2148 tabellis,

89 2159 136 2213 Nil
154 2159 224 2212 rude
243 2175 292 2212 nec
312 2159 427 2225 simplex
446 2157 611 2221 rescribere3
631 2157 731 2224 decipit
748 2157 795 2211 illa

90 2235 225 2291 Custodes
243 2239 290 2288 aut
307 2250 371 2287 aere
389 2233 495 2287 domat:
515 2237 581 2286 tuno
600 2248 712 2300 corpore
730 2248 795 2286 sano
900 2249 938 2288 aaa

90 2312 216 2366 Advocat
236 2310 409 2378 Archigenen
426 2324 594 2377 onerosaque
613 2308 694 2375 pallia
709 2308 804 2376 jactat

90 2388 211 2449 Abditus
229 2388 334 2440 interea
351 2385 421 2439 latet
440 2389 469 2437 et
487 2389 609 2438 secretus
627 2383 743 2451 adulter,

90 2464 294 2533 Impatiensque
313 2478 405 2515 morae
423 2464 506 2528 pavet
523 2464 553 2514 et
570 2460 714 2529 praeputia
732 2461 815 2517 ducit.

90 2540 197 2594 Scilicet
215 2542 357 2607 exspectas
375 2541 408 2591 ut
425 2537 519 2590 tradat
538 2541 627 2590 mater
645 2536 772 2591 honestos

90 2619 184 2684 Atque
203 2615 269 2669 alios
287 2630 377 2667 mores
396 2630 477 2681 quarn
495 2629 563 2681 quos
582 2613 679 2667 habet:
698 2614 765 2668 utile
783 2631 865 2684 porro
897 2632 933 2671 rao

90 2691 214 2746 Filiolam
233 2690 308 2758 turpi
327 2690 435 2744 vetulae
455 2689 607 2758 producere
628 2694 743 2757 turpem.

128 2768 210 2822 Nulla
227 2767 285 2820 fere
303 2782 384 2820 causa
403 2767 491 2820 estin
512 2784 566 2835 qua
583 2783 637 2818 non
656 2765 756 2818 femina
774 2766 851 2822 litem

90 2843 214 2898 Moverit.
251 2846 372 2898 Accusat
391 2843 503 2897 Manilia
522 2844 546 2896 si
564 2859 611 2896 rea
629 2859 682 2895 non
702 2846 752 2896 est.

90 2921 261 2988 Gomponunt
281 2920 356 2988 ipsae
376 2937 425 2988 per
447 2936 476 2973 se
494 2921 668 2987 formantque
682 2917 795 2986 libellos,

90 2996 255 3065 Principium
275 3001 357 3064 atque
376 2997 449 3050 locos
469 2996 546 3050 Celso
565 2996 669 3049 dictare
688 2999 810 3063 paratae.
897 3013 932 3053 245

119 3072 304 3126 Endromidas
322 3073 417 3141 Tyrias
435 3077 464 3127 et
481 3074 627 3127 femineum
646 3087 753 3126 ceroma

68 3141 140 3197 Ome
155 3148 270 3200 nescit?
289 3148 332 3202 vel
348 3151 414 3218 quis
433 3168 489 3205 non
510 3151 582 3206 vidit
601 3151 715 3205 vulnera
730 3147 804 3216 palii

46 3205 143 3265 Quem
162 3223 249 3273 cerat
268 3225 396 3283 assiduis
416 3230 544 3287 sudibus
562 3236 702 3301 scutoque
717 3224 846 3291 lacessit,
