2040 3510
48 252 51 258 ,
75 195 106 242 aa
310 193 342 243 1).
360 194 465 244 suun
482 195 691 246 Juvuuanrs

75 280 130 334 Vix
148 281 273 346 fractum,
291 280 394 334 solidae
407 281 467 350 Jam
485 281 594 336 mucida
611 281 699 336 frusta
715 283 825 350 farinae,

75 357 152 421 Quae
169 359 316 425 genuinum
334 357 440 425 agitent
456 375 511 411 uon
529 359 703 413 admittentia
720 377 853 413 morsum:

75 433 130 489 Sed
148 436 228 487 tener
245 436 275 488 et
292 433 386 488 niveus
403 433 532 502 mollique
550 435 655 502 siligine
673 435 762 489 factus
899 450 924 490 το

74 510 205 564 Servatur
223 510 338 565 domino.
374 511 507 564 Dextram
525 511 652 565 cohibere
668 515 818 566 memento:

74 585 154 641 Salva
171 586 208 640 sit
225 591 352 656 artoptae
369 587 529 640 reverentia
565 587 650 655 Finge
667 591 759 642 tamen
777 591 807 642 te

74 662 269 731 Improbulum‚
288 665 413 733 superest
430 663 485 716 illic
503 663 550 732 qui
568 681 669 733 ponere
686 668 773 733 cogat

74 738 144 793 “Vis
162 742 194 793 tu
211 739 348 793 consuetis
365 738 456 793 audax
475 740 588 794 conviva
605 738 730 795 canistris

73 815 186 885 Impleri
203 817 336 885 panisque
353 816 394 870 tui
411 817 518 875 nouisse
535 817 651 871 colorem
659 819 684 872 l''
897 832 922 872 7⁶

72 891 180 946 Scilicet
198 893 249 946 hoc
265 893 357 947 fuerat
375 897 488 961 propter
505 894 579 963 quod
596 911 677 962 saepe
695 893 791 948 relicta

72 967 194 1038 Oonjuge
211 987 260 1038 per
276 972 398 1023 montem
416 969 561 1024 adversum
577 971 736 1039 gelidasque
752 972 859 1024 cucurri

72 1045 213 1113 Esquilias,
231 1046 361 1100 fremeret
380 1062 460 1099 saeva
478 1063 561 1114 quum
579 1047 712 1114 grandine
729 1063 829 1101 vernus

71 1121 202 1190 luppiter
219 1126 248 1176 ct
265 1123 352 1176 multo
371 1122 488 1176 stillaret
505 1123 620 1191 paenula
643 1123 746 1176 nimbo!

71 1198 172 1266 Aspice
191 1215 274 1266 quam
291 1198 372 1267 longo
390 1198 531 1251 distendat
548 1203 661 1268 pectore
679 1199 785 1253 lancem
895 1215 920 1254 so

71 1271 147 1336 Quae
164 1275 252 1329 fertur
268 1274 378 1328 domino
396 1275 500 1344 squilla,
519 1279 548 1329 ct
572 1274 671 1343 quibus
695 1275 817 1344 undiquc
839 1281 920 1346 septa

71 1351 227 1419 Asparagis,
246 1368 301 1420 qua
319 1351 453 1420 despiciat
471 1351 591 1404 convivia
608 1351 696 1405 cauda

70 1425 165 1490 Quum⁴
177 1427 254 1481 venit
271 1428 371 1482 excelsi
389 1427 513 1480 manibus
530 1428 639 1481 sublata
656 1428 780 1483 ministri

69 1501 124 1556 Sed
141 1503 192 1557 tibi
211 1504 326 1557 dimidio
343 1504 505 1557 constrictus
523 1520 676 1558 cammarus
694 1521 744 1561 ovo

71 1578 184 1634 Ponitur
201 1581 308 1648 exigua,
326 1580 418 1634 feralis
436 1596 526 1646 coena,
543 1581 650 1649 patella.
893 1600 918 1638 aa

69 1655 133 1724 Ipse
151 1657 306 1711 Venafrano
323 1657 426 1726 piscem
443 1657 599 1726 perfundit:
624 1661 654 1712 at
671 1659 715 1713 hic
733 1660 780 1728 qui

69 1731 190 1787 Pallidus
207 1734 322 1787 affertur
339 1734 438 1787 misero
456 1733 507 1787 tibi
525 1734 609 1788 caulis
626 1735 710 1790 olebit

69 1808 229 1864 Laternam:
254 1811 322 1864 illud
339 1811 411 1864 enim
429 1811 528 1864 vestris
547 1811 630 1865 datur
648 1811 759 1866 alveolis
777 1813 852 1882 quod

68 1885 162 1940 Oanna
179 1887 357 1957 Micipsarum
374 1902 457 1956 prora
475 1887 601 1941 subvexit
622 1891 710 1954 acuta,

68 1961 186 2031 Propter
202 1963 277 2033 quod
295 1966 399 2018 Romae
416 1979 479 2016 cum
498 1963 636 2017 Bocchare
653 1965 865 2035 aemularetur,
892 1980 917 2018 oo

68 2038 147 2103 Quod
165 2043 241 2094 tutos
259 2040 343 2095 etiam
359 2039 425 2093 facit
443 2055 460 2092 a
477 2038 649 2106 serpentibus
668 2040 756 2094 Afros.

67 2115 169 2170 Mullus
186 2117 239 2171 erit
257 2116 367 2180 domini,
386 2132 468 2184 quem
485 2114 560 2168 misit
577 2115 686 2169 Corsica
704 2117 747 2170 vel
764 2133 846 2184 quem

67 2191 311 2248 Tauromenitanae
327 2209 418 2262 rupes,
436 2191 545 2260 quando
564 2207 644 2244 omne
661 2195 804 2260 peractum
822 2197 866 2248 est

67 2269 104 2322 llt
117 2269 176 2337 jam
195 2270 297 2324 defecit
313 2274 437 2324 nostrum
456 2284 531 2321 mare
549 2267 615 2322 dum
632 2268 699 2335 gula
718 2269 810 2335 saevit,

68 2345 184 2399 Postibus
201 2346 317 2400 assiduis
334 2345 444 2414 penitus
462 2346 602 2398 scrutante
620 2345 732 2398 macello
890 2360 914 2399 oe

67 2422 202 2490 Proxima,
220 2440 270 2477 nec
287 2423 392 2492 patitur
409 2419 577 2488 Tyr-rhenum
595 2437 716 2474 crescere
733 2421 840 2490 piscem.

67 2498 184 2554 Instruit
202 2515 267 2568 ergo
284 2499 373 2552 focum
390 2495 542 2566 provincia3
559 2497 675 2551 sumitur
692 2498 765 2551 illinc

67 2576 146 2642 Quod
163 2578 289 2645 captator
306 2578 380 2628 emat
398 2574 511 2639 Laenas,
531 2573 645 2628 Aurelia
666 2573 774 2628 vendat

66 2652 176 2707 Virroni
193 2667 324 2705 muraena
341 2650 429 2716 datur,
448 2665 519 2719 quae
538 2651 657 2704 maxima
681 2651 756 2704 venit

66 2730 181 2798 Gurgite
199 2729 235 2781 de
254 2727 356 2782 Siculo:
380 2744 443 2781 nam
461 2725 526 2779 dum
545 2743 575 2779 se
592 2727 714 2781 continet
733 2723 843 2794 Auster,
877 2743 913 2782 1oo

65 2805 138 2858 Dum
156 2804 235 2857 sedet
252 2806 282 2858 et
300 2805 385 2858 siccat
402 2801 527 2856 madidas
543 2801 571 2854 in
589 2819 698 2856 carcere
715 2818 825 2870 pennas,

65 2882 249 2936 Contemnunt
266 2881 384 2935 mediam
403 2879 550 2935 temeraria
567 2879 623 2933 lina
641 2878 813 2947 Charybdim.

64 2959 122 3012 Vos
140 2957 258 3025 anguilla
275 2961 368 3013 manet
385 2957 483 3024 longae
501 2958 616 3023 cognata
640 2955 774 3024 colubrae,

65 3037 125 3088 Aut
142 3034 227 3102 glacie
244 3050 370 3105 aspersus
388 3032 500 3086 maculis
518 3031 660 3085 Tiberinus
677 3035 707 3085 et
724 3031 782 3100 ipsc

63 3110 184 3164 Vernula
200 3111 329 3181 riparum,
347 3109 455 3178 pinguis
472 3110 597 3162 torrente
615 3109 713 3176 cloaca,
877 3125 912 3166 rot

63 3187 100 3242 Et
117 3186 213 3241 solitus
230 3189 337 3243 mediae
354 3190 478 3256 cryptam
495 3186 639 3254 penetrare
663 3185 809 3241 suburrae.

103 3263 172 3326 φεῖ
179 3279 276 3328 pauca
295 3264 382 3334 rcum,
400 3261 509 3318 facilem
526 3259 551 3314 si
566 3261 699 3333 praebeat
715 3279 816 3318 aurem.
