2018 3578
403 120 537 169 SATIRA
553 121 607 171 III.
898 125 928 179 17

80 210 121 266 Ut
141 211 196 265 sint
215 215 358 267 contentae
378 210 486 280 patulas
506 210 655 267 defundere
674 213 773 283 pelves.

115 287 214 341 Ebrius
234 305 266 341 ac
286 288 413 357 petulans
432 288 479 356 qui
500 288 604 341 nullum
623 289 694 343 forte
716 289 815 344 cecidit

80 363 136 417 Dat
153 381 262 432 poenas,
281 367 389 417 noctem
407 364 513 433 patitur
530 365 648 432 lugentis
667 366 786 425 amicum

80 439 198 506 Pelidae,
220 440 303 493 cubat
322 440 350 493 in
367 440 472 507 faciem,
488 457 552 494 mox
570 441 669 494 deinde
688 442 806 510 supinus.
888 442 930 496 ‘aso

79 516 151 584 llrgo
169 533 223 570 non
242 515 323 569 aliter
342 517 445 585 poterit
464 517 601 571 dormiret
639 517 808 581 Quibusdam

80 592 209 646 Somnum
228 592 289 646 rixa
308 592 387 647 facit:
411 593 459 646 sed
478 594 600 662 quamvis
618 592 756 661 improbus
775 595 852 648 annis

80 671 175 737 Atque
196 686 271 722 mero
290 669 396 722 fervens
415 673 494 723 cavet
512 670 584 723 hunc
603 686 684 738 quem
705 671 812 724 coccina
832 670 911 724 laena

79 744 169 799 Vitari
184 745 267 812 jubet
288 749 316 799 et
335 746 464 800 comitum
483 746 652 814 longissimus
675 747 749 814 ordo,

79 821 196 874 Multum
216 825 361 890 praeterea
379 823 548 876 flammarum
567 826 596 876 et
615 839 699 876 aenea
716 823 833 893 lampas:
890 838 926 876 ass

79 898 125 949 Me
147 915 227 966 quem
248 899 326 952 Luna
344 899 413 953 solet
432 898 567 952 deducere
587 898 630 952 vel
648 898 729 952 breve
749 900 839 954 lumen

79 972 223 1041 Candelae‚
243 975 319 1043 cujus
341 975 467 1045 dispenso
488 979 517 1029 et
535 979 658 1044 tempero
676 976 769 1043 filum:

79 1049 242 1105 Contemnit.
280 1052 395 1106 Miserae
414 1067 544 1120 cognosce
564 1053 703 1119 prooemia
721 1053 803 1119 rixae,

79 1125 107 1178 Si
129 1126 189 1181 rixa
209 1131 251 1182 est
271 1129 319 1181 ubi
337 1133 369 1182 tu
389 1129 487 1199 pulsas,
507 1145 558 1196 ego
577 1129 675 1197 vapulo
695 1132 810 1182 tantum.
897 1129 903 1140 “

78 1202 140 1257 Stat
158 1210 253 1258 contra
274 1206 396 1274 starique
415 1204 512 1273 jubet;
535 1222 632 1276 parere
651 1221 760 1259 necesse
778 1211 839 1270 est3
888 1219 924 1258 aaa

78 1283 149 1336 Nam
166 1281 232 1350 quid
251 1299 322 1350 agas,
342 1299 425 1350 quum
443 1285 472 1336 te
489 1282 605 1336 furiosus
622 1285 705 1350 cogat
723 1281 844 1336 ebidem

78 1358 204 1412 Fortior?
240 1359 344 1413 “Unde
361 1359 475 1413 venisl''
499 1358 646 1412 exclamat:
673 1356 771 1427 “cujus
789 1363 875 1425 aceto,

77 1435 163 1503 Cujus
181 1436 282 1490 conche
300 1436 408 1488 tumesl
426 1436 487 1502 quis
505 1440 595 1488 tecum
615 1434 709 1488 sectile
725 1450 837 1503 porrum

77 1511 159 1564 Sutor
177 1515 206 1565 et
224 1512 287 1565 elixi
304 1510 424 1566 vervecis
442 1512 519 1565 labra
535 1511 672 1565 comedit?

77 1586 123 1640 Nil
140 1587 205 1640 mihi
223 1587 389 1657 respondes?
425 1588 484 1641 Aut
501 1587 546 1641 dic
564 1591 612 1641 aut
630 1587 721 1656 accipe
744 1591 851 1640 calcem.
887 1601 922 1640 aaa

78 1663 136 1717 Ede
153 1664 200 1717 ubi
218 1665 364 1718 consistant
382 1665 410 1718 in
430 1681 484 1732 qua
500 1666 528 1718 te
548 1681 649 1731 quaero
667 1662 854 1732 proseuchal''

78 1741 175 1794 Dicere
194 1742 217 1794 si
234 1744 326 1793 tentes
344 1740 447 1809 aliquid
464 1741 597 1794 tacitusve
614 1739 734 1807 recedas,

75 1816 248 1871 Tantundem
266 1820 322 1881 est;
345 1816 447 1870 feriunt
463 1816 579 1884 pariter;
603 1815 757 1869 vadimonia
774 1814 874 1869 deinde

77 1893 146 1946 Irati
163 1893 272 1947 faciunt.
309 1892 436 1947 Libertas
453 1893 580 1962 pauperis
597 1892 665 1946 haec
683 1894 741 1945 est:

77 1968 203 2024 Pulsatus
220 1971 300 2036 rogat
317 1974 347 2022 et
364 1969 462 2038 pugnis
479 1968 601 2023 concisus
616 1967 720 2036 adorat,
884 1983 920 2022 300

76 2045 116 2100 Ut
133 2046 213 2100 liceat
232 2046 325 2114 paucis
344 2062 405 2099 cum
424 2045 551 2099 dentibus
570 2045 635 2098 inde
654 2043 762 2098 reverti.

110 2123 135 2175 N
137 2140 167 2176 ec
178 2126 271 2176 tamen
283 2122 349 2174 haec
362 2126 468 2175 tantum
484 2125 603 2175 metuas:
622 2137 684 2173 nam
705 2121 752 2188 qui
773 2120 871 2189 spoliet
890 2123 919 2175 te

75 2200 136 2252 Non
156 2199 251 2263 decrit,
272 2199 368 2251 clausis
392 2197 517 2251 domibus
535 2202 678 2266 postquam
702 2197 788 2250 omnis
811 2195 912 2265 ubique

75 2276 143 2328 Fixa
162 2279 305 2329 catenatae
324 2274 399 2328 siluit
418 2291 548 2343 compago
568 2274 704 2327 tabernae.

60 2350 220 2406 .Interdum
241 2357 270 2405 et
288 2349 361 2404 ferro
381 2350 486 2404 subitus
504 2354 642 2418 grassator
660 2349 718 2416 agit
736 2365 801 2415 rem,
882 2362 918 2402 aot

74 2430 191 2481 Armate
209 2427 315 2495 quoties
335 2429 412 2480 tutae
432 2426 544 2480 custode
564 2429 693 2479 tenentur

74 2504 111 2558 Et
130 2503 275 2571 Pomptina
295 2503 372 2573 palus
393 2505 422 2556 et
442 2502 589 2556 Gallinaria
608 2501 694 2571 pinus.

73 2581 118 2634 Sic
137 2579 200 2632 mdc
219 2579 272 2632 huo
291 2597 385 2633 omnes
404 2583 534 2647 tanquam
552 2578 588 2631 ad
608 2578 711 2631 vivaria
729 2578 848 2630 currunt.

74 2657 134 2721 Qua
153 2656 261 2709 fornace
282 2673 383 2724 graves,
403 2672 457 2724 qua
479 2672 532 2709 non
551 2655 656 2723 incude,
675 2653 806 2708 catenae?

73 2733 210 2786 Maximus
229 2734 257 2784 in
279 2732 373 2785 vinclis
390 2731 455 2784 ferri
477 2731 581 2797 modus,
600 2734 632 2785 ut
652 2730 749 2784 timeas
769 2744 804 2780 ne
881 2743 917 2782 810

73 2808 177 2862 Vomer
195 2808 311 2876 deficiat,
330 2825 365 2861 nc
384 2824 488 2861 marrae
508 2810 536 2862 et
556 2807 662 2861 sarcula
681 2806 778 2859 desint.

74 2884 177 2938 Felices
194 2901 355 2954 proavorum
376 2888 476 2949 atavos,
497 2884 587 2938 felicia
605 2884 679 2938 dicas
827 2928 829 2931 .

74 2960 176 3027 Secula,
196 2979 265 3031 quae
284 2961 420 3030 quondam
442 2960 492 3015 sub
510 2959 620 3029 regibus
638 2965 722 3028 atque
742 2955 859 3011 tribunis

73 3037 208 3091 Videumt
227 3056 281 3091 uno
300 3041 455 3092 contentam
474 3053 581 3091 carcere
601 3037 721 3090 Romam.

108 3113 160 3166 His
179 3113 246 3168 alias
266 3119 389 3184 poteram
410 3117 439 3167 et
457 3114 553 3184 plures
570 3112 741 3165 subnectam
760 3120 881 3158 causas.
898 3115 945 3147 axa

72 3188 127 3244 Sed
138 3189 268 3257 jumenta
288 3196 389 3249 vocant
409 3197 441 3250 et
459 3193 506 3248 sol
520 3190 662 3250 inclinata
681 3183 822 3240 aunuum
835 3175 898 3224 aaa.

134 3281 195 3322 000.

900 3247 922 3280 Q
