2040 3510
75 179 105 226 58
308 175 340 223 Ι).
358 173 464 223 JUNII
481 172 689 222 JUVENALIS

72 267 193 335 Appula,
211 269 255 321 iot
271 265 367 319 milvos
384 265 459 318 intra
476 266 526 317 tua
542 280 643 332 pascua
660 265 761 320 lussosi
905 284 934 325 55

74 343 113 396 'le
131 343 275 396 Trifolinus
292 358 359 409 ager
375 341 499 395 fecundis
516 341 618 395 vitibus
635 342 731 410 implet

75 419 291 486 Suspectumque
305 416 404 485 jugum
422 417 515 471 Gumis
532 422 562 471 et
580 418 687 471 Gaurus
704 417 798 472 inanis

75 495 147 549 Nam
165 494 226 563 quis
242 492 322 562 plura
339 493 401 547 linit
417 494 523 547 victuro
540 493 614 547 dolia
632 496 739 550 mustei

76 572 214 637 Quantum
232 573 293 624 erat
310 570 436 624 exhausti
454 569 560 624 lumbos
579 570 680 624 donare
696 571 803 626 clientis

75 647 224 715 Jugeribus
241 647 352 715 pauoisl
371 647 503 701 meliusne
520 646 564 700 hie
581 647 699 700 rusticus
717 647 812 714 infans,
902 663 927 701 on

76 724 144 778 (ium
162 725 251 777 matre
269 726 299 776 et
316 723 414 776 castilis
432 727 462 777 et
480 722 612 776 collusore
630 723 736 789 entello,

76 800 207 869 Cymbala
224 800 357 869 pulsantis
375 801 498 868 legatum
516 799 565 852 fiet
583 799 681 853 amisii

76 877 243 944 “lmprobus
260 893 290 930 es
308 893 392 944 quum
410 875 521 946 poseis‚’'
539 876 585 931 ait.
620 875 676 928 Sod
692 876 785 944 pensio
805 873 913 945 elamat,

78 953 178 1017 Posee;
204 952 253 1006 sed
272 953 394 1022 appellat
412 970 482 1020 puer
499 951 604 1019 unicus,
623 955 655 1004 nt
674 950 832 1020 Polyphemi

79 1029 149 1083 Lata
167 1030 246 1097 acies,
266 1047 317 1097 per
335 1046 416 1098 quam
435 1029 532 1083 sollers
550 1028 638 1082 erasit
656 1028 763 1082 Ulixes.
902 1045 927 1081 os

76 1106 158 1160 Alter
175 1104 307 1159 emendus
325 1107 394 1171 erit;
418 1122 535 1175 namque
553 1105 597 1158 hio
615 1121 669 1158 non
687 1103 800 1158 suffieit:
824 1103 906 1158 ambo

76 1182 218 1237 Pascendi.
254 1181 327 1246 Quid
344 1199 423 1250 agam
441 1183 538 1235 bruma
556 1181 693 1250 spirante?
719 1179 793 1249 quid,
811 1196 865 1245 oro,

76 1258 149 1324 Quid
166 1259 256 1312 dicam
274 1259 390 1326 scapulis
408 1275 555 1326 puerorum
575 1257 711 1325 Aquilone
729 1256 874 1311 Decembri

77 1336 113 1392 Iit
131 1336 264 1406 pedibnsi
283 1335 382 1390 durate
400 1340 484 1403 atque
503 1339 662 1404 exspectate
679 1334 805 1388 cicadas?

76 1413 187 1481 Verum,
205 1415 237 1465 ut
255 1411 416 1478 dissimules,
436 1415 468 1465 ut
485 1412 582 1465 mittas
599 1414 698 1477 cetera,
717 1415 818 1479 quanto
904 1425 929 1464 so

76 1490 184 1543 Metiris
200 1488 290 1558 pretio
308 1488 382 1557 quod
400 1489 428 1542 ni
445 1488 497 1543 tibi
517 1487 629 1542 deditus
646 1504 734 1540 essem

77 1567 253 1633 Devotusque
269 1564 360 1632 eliens,
378 1582 446 1619 uxor
464 1569 514 1618 tua
532 1565 607 1632 virgo
625 1565 765 1618 maneret?

77 1641 135 1695 Seis
153 1645 228 1695 certe
246 1641 344 1709 quibus
361 1641 416 1694 ista
433 1641 529 1707 modis,
548 1658 630 1709 quam
649 1656 731 1709 saepe
749 1639 861 1707 rogaris,

76 1718 113 1772 Et
130 1734 200 1786 quae
217 1718 360 1784 pollicitus.
398 1718 561 1786 Fugientem
581 1734 662 1786 saepe
680 1717 798 1786 puellam

77 1793 216 1864 Amplexu
233 1794 326 1863 rapui:
349 1794 457 1848 tabulas
475 1811 584 1863 quoque
602 1797 721 1860 ruperat,
740 1796 768 1846 et
782 1793 842 1860 jam
905 1808 929 1848 75

77 1869 214 1939 Signabat.
252 1870 320 1923 Tota
337 1870 382 1922 vix
401 1870 452 1924 hoo
470 1888 521 1938 ego
540 1875 620 1923 noete
639 1869 750 1935 redemi,

77 1946 116 2000 Te
133 1947 257 2015 plorante
274 1947 347 1999 foris.
384 1947 473 1999 Testis
492 1946 559 1999 mibi
577 1945 693 1998 lectulus
711 1948 740 1998 et
758 1948 796 2010 tu,

78 2022 126 2076 Ad
143 2039 225 2090 quem
243 2023 368 2093 pervenit
386 2022 451 2075 lenti
467 2039 548 2075 sonus
567 2026 597 2076 et
616 2021 742 2074 dominae
760 2038 820 2074 vox.

78 2098 213 2152 Instabile
230 2115 262 2151 ae
281 2097 372 2150 dirimi
391 2101 518 2165 coeptum
538 2101 567 2151 et
580 2096 640 2163 jam
658 2101 752 2164 paene
763 2095 883 2150 solutum

78 2174 240 2243 Oonjngium
257 2174 286 2227 in
303 2173 397 2227 multis
415 2172 542 2226 domibus
560 2171 681 2226 servabit
699 2172 817 2227 adulter.
905 2190 930 2226 eo

78 2250 138 2315 Quo
151 2255 181 2304 te
198 2251 379 2318 enenmagasl
404 2266 474 2319 quae
492 2250 581 2319 prima
599 2252 648 2301 aut
665 2249 762 2303 ultima
779 2252 881 2319 ponasl

77 2326 189 2380 Nullum
207 2343 272 2394 ergo
289 2327 418 2380 meritum
436 2329 486 2394 est,
504 2326 612 2393 ingrate
630 2342 661 2379 ao
679 2326 794 2395 perfide,
805 2325 917 2391 nullum,

78 2402 158 2468 Quod
175 2403 226 2457 tibi
244 2403 341 2456 liliolus
359 2402 402 2456 vel
419 2402 475 2456 filia
492 2401 612 2456 nascitur
630 2420 664 2457 ex
682 2405 743 2459 mei
821 2444 824 2450 -

77 2479 160 2532 'Pollis
177 2478 248 2533 enim
266 2482 296 2532 et
313 2478 390 2532 libris
408 2482 531 2532 aetorum
549 2496 676 2548 spargere
692 2481 797 2547 gaudes

79 2558 251 2623 Argumenta
267 2554 325 2608 viri.
362 2555 477 2608 lloribus
497 2556 634 2624 suspende
653 2573 773 2625 coronas,
905 2574 929 2610 ss

78 2634 96 2685 J
99 2649 143 2685 am
161 2635 241 2700 pater
258 2647 301 2685 es:
321 2631 446 2685 dedimus
464 2632 538 2700 quod
556 2633 646 2688 famae
663 2650 800 2704 opponere
817 2633 918 2702 possis;

78 2709 97 2761 J
99 2724 150 2762 ura
166 2710 288 2778 parentis
305 2708 397 2777 habes,
414 2715 527 2780 propter
544 2728 589 2765 mo
606 2711 734 2766 scriberis
751 2711 838 2777 heres,

78 2785 212 2853 Legatum
230 2802 309 2839 omne
328 2787 408 2855 capis,
427 2804 548 2842 necnon
568 2791 597 2842 et
616 2788 695 2842 dulce
711 2789 852 2844 caducum.

79 2860 119 2914 (io
244 2865 389 2933 praeterea
403 2864 556 2933 jungentur
574 2867 661 2921 multa
679 2866 787 2920 caducis

242 2936 246 2941 '
292 2939 316 2993 si
333 2943 390 2994 tres
408 2940 679 3010 implevero-iusta
697 2943 803 3012 doloris,
905 2962 930 2998 oo

326 3015 376 3070 tui.
416 3017 519 3072 Contra
536 3022 630 3073 tamen
647 3020 694 3073 ille
712 3019 780 3089 quid
798 3021 878 3075 affert
885 3023 931 3076 1-

316 3092 401 3151 otum
421 3092 549 3167 bipedem
567 3096 620 3149 sibi
637 3100 745 3166 quaerit
761 3096 884 3151 asellum

100 3167 106 3184 ⁵
256 3166 261 3175 ’
288 3169 378 3236 inissa
395 3171 563 3229 tibiuelare
581 3176 734 3238 memento,

292 3267 346 3312 ras
363 3254 449 3324 intra
465 3255 499 3309 te
519 3252 578 3322 fige
598 3248 751 3321 querelem
