2040 3510
110 177 143 222 56
347 175 379 222 D.
396 174 503 224 JUNII
519 174 731 224 JUVENALIS

109 265 241 320 Nomina:
263 281 314 334 pro
332 265 399 319 totis
417 263 569 332 legionibus
587 263 616 316 hi
637 267 729 319 tamen
748 268 778 320 et
795 282 846 335 pro
926 268 962 322 ret

110 340 243 395 Omnibus
261 341 368 394 auxiliis
386 344 470 408 atque
488 339 560 392 omni
577 340 650 408 pube
669 340 767 396 Latina

109 417 253 471 Sufficiunt
270 417 313 470 dis
330 415 443 470 infernis
462 416 616 484 Terraeque
633 418 754 484 parenti3

110 493 199 547 Pluris
217 494 289 547 enim
309 492 385 546 Decii
403 509 485 560 quam
503 509 572 560 quae
589 497 732 548 servantur
749 495 861 550 abillis.

109 569 217 624 Ancilla
233 573 315 623 natus
333 568 457 623 trabeam
474 571 504 623 et
522 568 647 622 diadema
666 569 770 634 Quirini

109 645 146 699 Et
163 645 250 698 fasces
268 645 376 711 meruit,
396 662 492 714 regum
510 644 623 700 ultimus
640 647 687 700 ille
704 647 844 704 bonorum.
925 663 962 702 auo

110 721 222 776 Prodita
241 722 370 776 laxabant
390 727 533 791 portarum
554 722 673 776 claustra
692 727 811 793 tyrannis

112 797 255 851 Exsulibus
269 797 387 866 juvenes
407 799 495 867 ipsius
515 798 640 853 Consulis
660 803 689 853 et
708 818 776 869 quos

109 875 239 942 Magnum
257 874 362 943 aliquid
381 874 466 928 dubia
486 893 536 945 pro
552 875 682 929 libertate
701 875 819 945 deceret,

109 950 188 1014 Quod
207 951 353 1006 miraretur
372 967 434 1005 cum
455 951 559 1006 Coclite
578 951 686 1005 Mucius
705 956 734 1006 et
753 969 823 1021 quae

109 1027 221 1096 Imperii
240 1027 309 1081 fines
329 1027 485 1080 Tiberinum
504 1029 579 1096 virgo
597 1028 709 1082 natavit.
926 1045 963 1083 aaa

109 1104 223 1158 Occulta
242 1105 278 1157 ad
300 1105 397 1158 Patres
416 1105 547 1172 produxit
566 1104 680 1157 erimina
699 1121 799 1172 servus,

108 1180 241 1232 Metuonis
259 1179 406 1247 lugendus:
430 1183 460 1232 at
477 1178 537 1231 illos
556 1178 670 1232 verbera
684 1177 768 1245 justis

109 1256 240 1309 Afficiunt
258 1256 353 1323 poenis
372 1259 401 1309 et
419 1256 509 1323 legum
529 1255 617 1323 prima
635 1255 743 1308 securis.

142 1333 216 1386 Malo
234 1336 313 1401 pater
331 1331 382 1385 tibi
402 1333 438 1386 sit
459 1332 605 1397 Thersites,
626 1330 773 1383 dummodo
791 1329 880 1384 tusis

109 1408 245 1462 Aeacidae
264 1408 358 1462 similis
379 1408 566 1475 Vulcaniaque
585 1424 660 1461 arma
679 1423 808 1474 capessas,
924 1421 960 1460 270

108 1486 195 1548 Quam
214 1488 243 1537 to
263 1484 404 1538 Thersitae
423 1484 539 1537 similem
559 1483 693 1553 producat
713 1480 840 1535 Achilles.

109 1561 144 1613 llt
164 1565 264 1628 tamen,
283 1564 316 1614 ut
334 1560 413 1628 longe
433 1563 543 1630 repetas
561 1561 695 1629 longeque
713 1558 835 1613 revolves

109 1637 221 1705 Nomen,
238 1637 273 1690 ab
292 1637 385 1690 infami
403 1642 513 1706 gentem
533 1636 645 1691 deducis
664 1636 744 1704 asylo.

108 1713 243 1781 Majorum
260 1713 366 1783 primus
383 1715 505 1782 quisquis
522 1713 575 1767 fuit
592 1714 638 1768 ille
656 1715 772 1776 tuorum,

108 1792 167 1844 Aut
186 1792 280 1858 pastor
298 1789 352 1844 fuit
371 1794 420 1844 aut
437 1790 505 1843 illud
525 1790 596 1858 quod
617 1790 708 1844 dicere
728 1789 797 1845 nolo.
925 1804 961 1843 ars

427 2121 569 2176 SATlRA
589 2123 639 2177 IX.

107 2243 192 2298 Seme
210 2242 290 2297 velim
308 2259 393 2310 quare
411 2241 495 2296 toties
512 2239 587 2307 mihi,
604 2240 629 2292 N
632 2241 731 2309 aevole,
750 2243 839 2298 tristis

106 2321 239 2373 Occurras
258 2319 348 2371 fronte
367 2317 494 2384 obducta,
516 2332 567 2370 ceu
587 2317 695 2385 Marsya
713 2319 808 2372 victus.

107 2395 180 2460 Quid
198 2394 249 2447 tibi
269 2411 331 2447 cum
350 2394 428 2447 vultu
448 2391 556 2461 qualem
576 2392 726 2462 deprensus
746 2394 866 2450 habebat

107 2472 216 2537 Rauola,
235 2469 301 2524 dum
321 2470 470 2538 Rhodopes
488 2468 544 2522 uda
562 2469 629 2524 terit
647 2469 759 2537 inguina
775 2470 877 2526 barhal

106 2549 131 2601 N
134 2565 164 2601 os
182 2547 324 2616 colaphum
341 2547 488 2601 incutimus
507 2545 638 2600 lambenti
656 2547 776 2601 crintula
793 2565 879 2602 servo.
945 2565 958 2602 t

106 2627 131 2678 N
133 2642 167 2677 on
186 2627 246 2677 erat
263 2623 314 2677 hac
332 2624 401 2677 facie
419 2623 599 2677 miserabilior
617 2623 780 2692 Crepereius

106 2701 200 2769 Pollio,
218 2701 267 2769 qui
283 2701 418 2770 triplicem
436 2717 547 2754 usuram
564 2704 706 2769 praestare
723 2704 836 2768 paratus

106 2777 210 2831 Circuit
226 2780 256 2831 et
273 2776 365 2830 fatuos
382 2792 437 2830 non
453 2775 564 2831 invenit.
600 2777 683 2831 Unde
703 2781 818 2844 repente

105 2855 157 2908 Tot
174 2855 276 2922 rugae?
301 2858 376 2907 certe
394 2853 501 2909 modico
519 2857 661 2909 contentus
679 2852 780 2921 agebas

105 2931 226 2985 Vemam
244 2930 371 2999 equitem,
391 2931 504 2984 conviva
516 2930 580 2998 joce
597 2930 740 2984 mordente
760 2929 865 2984 facetus
934 2949 958 2986 ro

106 3008 142 3061 Et
158 3006 261 3060 salibus
278 3006 425 3060 vehemens
442 3007 515 3062 intra
533 3007 655 3077 pomeria
671 3006 750 3060 natis⁴

94 3083 198 3152 Omma
213 3099 290 3136 nunc
307 3087 418 3148 contra,·
441 3083 533 3137 vultus
550 3083 647 3151 grauis,
664 3082 776 3136 horrida
793 3082 882 3138 siccae

76 3150 156 3201 alim
176 3171 283 3224 comae,
303 3159 399 3214 nullus
418 3163 482 3215 tota
499 3160 575 3214 nitor
591 3160 622 3213 in
640 3163 713 3224 eote,
730 3157 841 3226 qualem

55 3214 185 3277 Bruttia
201 3233 384 3297 praestabat
401 3237 491 3294 calidi
511 3236 568 3294 tibi
583 3235 674 3292 &scia
688 3233 778 3300 ulsci3
