2040 3510
421 193 552 242 SATIRA
569 194 602 244 V.
891 195 937 242 115

89 284 188 338 Nescio
206 285 280 353 quod
296 287 373 339 certe
389 279 522 349 estquod
538 297 583 333 me
600 279 650 334 tibi
669 285 808 352 temperet
826 287 938 335 astrum.

123 358 199 411 Mille
217 359 355 411 hominum
373 356 477 426 species
494 359 523 409 et
540 372 631 409 rerum
649 357 768 409 discolor
785 373 866 420 usus3

89 433 167 486 Velle
185 449 264 486 suum
281 433 379 500 cuique
396 436 447 499 est,
465 449 516 485 nec
533 436 597 485 voto
615 432 716 485 vivitur
732 448 792 485 unc.

89 509 227 562 Mercibus
244 508 289 561 hic
307 508 387 562 Italis
405 511 495 562 mutet
514 507 565 560 sub
584 508 639 561 sole
656 508 760 562 recenti

90 585 228 653 ltugosum
246 584 325 653 piper
342 587 371 637 et
388 584 516 652 pellentis
533 600 619 651 grene
636 584 751 649 cumini;
914 601 940 638 ee

89 661 144 715 Hic
161 665 238 715 satur
256 660 357 728 irriguo
375 660 478 714 nramrlt
496 663 652 727 turgescere
671 675 781 725 somno;

88 739 142 792 Hic
161 738 263 808 (lempo
281 737 422 805 indulget3
445 737 517 791 hunc
535 737 594 790 alea
612 736 753 803 decoquit;
777 738 823 792 ille

90 815 122 867 ln
141 814 276 868 Venerem
294 818 338 867 est
355 813 457 882 putris:
482 813 531 867 sed
549 829 611 866 cum
629 811 751 881 lapidosa
768 813 901 881 cheragra

89 890 215 957 Fregerit
232 890 361 944 articulos
379 890 479 942 veteris
498 887 611 942 ramalia
627 888 691 956 fagi,

88 966 162 1020 'lunc
180 983 285 1020 crassos
304 965 434 1020 transisse
452 965 511 1019 dies
529 965 671 1032 lucemque
688 965 844 1033 palustrem,
914 981 939 1019 uo

89 1041 126 1095 Et
143 1040 194 1095 sibi
207 1041 267 1109 jem
284 1042 338 1096 seri
357 1042 441 1094 vitem
459 1042 617 1109 ingemuere
634 1040 764 1094 relictam.

90 1121 131 1170 At
148 1121 176 1171 te
196 1117 337 1171 nocturnis
351 1117 433 1185 juvet
451 1117 638 1186 impallescere
656 1116 765 1183 chartis,

88 1192 184 1248 Cultor
200 1194 273 1246 enim
287 1193 420 1261 juvenum
436 1196 567 1262 purgatas
584 1191 680 1245 inseris
697 1208 777 1245 aures

88 1269 179 1338 Fruge
197 1266 354 1324 Cleanthea.
389 1269 481 1324 Petite
498 1268 569 1334 hinc,
583 1266 753 1336 juvenesque
771 1285 913 1338 senesque,

88 1343 182 1398 Finem
201 1345 291 1399 enimc
309 1349 415 1399 certum
434 1344 595 1411 miserisque
612 1342 712 1397 viatica
730 1345 811 1398 cenis.
912 1361 937 1400 oe

88 1421 175 1474 “Cras
187 1421 237 1474 hoc
249 1420 318 1474 fiet.’'
351 1420 430 1474 Idem
442 1438 502 1474 cres
514 1421 571 1474 fiet.
603 1420 618 1446 ‘⁶
624 1419 703 1485 Quid,
718 1421 795 1488 quasi
807 1437 936 1489 magnum

89 1497 194 1565 Nempe
212 1497 287 1550 diem
305 1496 438 1549 donasl’''
461 1495 516 1549 Sed
534 1511 596 1548 cum
613 1495 661 1547 lux
680 1495 767 1548 altera
785 1497 865 1563 venit,

87 1572 151 1624 Jam
169 1588 227 1624 cres
244 1570 402 1625 hesternum
421 1570 631 1625 consumsimus:
655 1587 717 1624 ecce
735 1570 809 1623 eliud
827 1588 885 1625 cres

89 1646 183 1714 llgerit
200 1647 249 1700 hos
267 1663 358 1713 annos,
376 1650 405 1700 et
423 1662 531 1714 semper
548 1646 658 1713 paulum
676 1645 730 1699 erit
747 1646 826 1698 ultra.

88 1721 159 1775 Nam
178 1722 300 1790 quemvis
318 1738 405 1791 propo
422 1725 459 1787 te,
478 1721 600 1790 quamvis
618 1726 727 1774 temone
745 1721 795 1774 sub
813 1738 866 1774 uno
912 1737 937 1776 70

88 1798 249 1852 Vertentem
267 1814 334 1860 sese,
352 1797 455 1851 frustra
472 1797 613 1851 sectabere
630 1797 766 1864 canthum,

88 1874 156 1927 (lum
174 1876 235 1927 rote
252 1875 388 1942 posterior
406 1890 499 1926 curres
518 1873 592 1926 etin
610 1889 662 1926 exe
679 1872 805 1926 seeundo.

122 1949 262 2002 libertate
280 1967 348 2019 opus
366 1953 416 2015 est,
434 1966 487 2002 non
505 1949 556 2003 hec
574 1965 629 2018 que
646 1949 761 2016 quisque
778 1948 877 2004 Veline

88 2024 200 2078 Publius
217 2026 334 2080 emeruit
351 2025 503 2080 scabiosum
520 2025 654 2079 tesserula
669 2025 711 2077 fer

87 2100 218 2154 Possidet,
257 2101 321 2154 Heu
338 2101 444 2156 steriles
462 2102 528 2170 veri,
546 2100 645 2170 quibus
662 2118 717 2154 une
735 2099 869 2165 Quiritem
910 2118 934 2159 rs

86 2176 200 2245 Vertigo
217 2176 293 2231 iacit!
317 2177 362 2231 hic
380 2179 468 2231 Deme
485 2183 535 2246 est,
552 2193 607 2231 non
624 2177 719 2231 tressis
737 2193 826 2246 agaso,

86 2252 184 2322 Vsppe
201 2257 230 2308 et
248 2253 338 2323 lippus
356 2258 385 2308 et
400 2254 428 2307 in
446 2255 521 2308 tenui
538 2254 674 2322 ferragine
690 2254 815 2307 mendax.

85 2328 208 2383 Verterit
226 2329 296 2383 huuc
314 2329 446 2398 dominus,
464 2335 602 2384 momento
620 2329 738 2384 turbinis
756 2330 814 2384 exit

85 2405 192 2458 Murcus
211 2406 306 2460 Deme
343 2407 444 2475 Papae!
470 2407 565 2460 Marco
583 2406 734 2475 spondente
751 2423 859 2462 recusas

85 2479 205 2534 (lredere
222 2484 255 2535 tu
272 2484 413 2536 nummosi
449 2483 544 2536 Marco
562 2481 613 2536 sub
626 2481 722 2549 judice
740 2483 840 2551 pallesl
909 2500 934 2539 so

85 2555 195 2610 Marcus
213 2556 290 2624 dixit,
309 2559 349 2612 ite
366 2563 420 2614 est:
447 2559 562 2626 assigna,
582 2559 681 2624 Marce,
700 2558 820 2612 tabellas.

85 2632 163 2686 Haec
181 2650 257 2688 mere
274 2633 397 2688 libertas!
423 2634 474 2688 hoc
492 2635 569 2687 nobis
587 2634 659 2703 pilea
680 2633 794 2688 donant!

84 2709 148 2762 “An
165 2710 311 2778 quisquam
328 2713 371 2764 est
387 2711 456 2764 elius
473 2711 551 2779 liber,
569 2711 621 2762 nisi
640 2710 740 2763 ducere
758 2712 841 2765 vitam

85 2784 134 2838 Cui
152 2784 217 2839 licet
234 2792 267 2840 ut
284 2786 385 2841 voluitl
409 2786 474 2841 lieet
490 2792 522 2841 ut
540 2786 599 2839 volo
617 2787 721 2839 vivere:
745 2804 800 2840 non
817 2805 877 2842 sum

84 2859 208 2914 Liberior
225 2861 348 2916 Brutol''
385 2864 517 2917 Mendose
535 2862 646 2930 colligis,
664 2862 754 2931 inquit
909 2882 932 2919 ss

85 2935 192 2991 Stoicus
211 2937 255 2993 hic
273 2956 366 2994 eurem
384 2940 504 2994 mordaci
521 2940 594 2995 lotus
611 2943 704 3003 ecet03

86 3011 153 3080 Hoc,
171 3014 287 3083 (reliqua
304 3016 421 3084 accipio)
439 3017 516 3071 ‘licet
533 3019 565 3069 ut
582 3015 642 3068 volo
660 3015 766 3069 vivere'
782 3017 854 3071 tolle.

82 3089 97 3114 “
103 3087 234 3144 Vindicta
250 3099 395 3162 postquem
411 3108 489 3146 meus
505 3109 525 3146 o.
541 3093 679 3146 Praetores
690 3091 812 3148 recesst,

80 3168 136 3222 Gur
152 3169 218 3224 mihi
236 3188 291 3227 non
310 3173 396 3230 liceat
412 3174 501 3245 jussit
518 3173 719 3247 quotcunque
728 3161 885 3216 *llbffiffir
975 3223 981 3240 ,

70 3242 199 3312 Empti)
215 3247 242 3303 si
261 3250 336 3321 quid
352 3252 471 3309 Masuri
487 3249 611 3306 rubrieo.
624 3232 779 3297 semme?
