2040 3510
194 411 233 477 D.
270 411 431 477 JUNII
468 408 790 479 JUVENALIS

327 554 661 623 SATIRARUM

405 735 535 792 LIBER
556 735 581 795 Ι.

483 898 506 954 Ι.

67 1001 186 1059 Semnan
203 1018 254 1070 ego
272 1003 381 1057 auditor
398 1002 524 1056 tantum?
541 1016 717 1069 nunquamne
733 1011 870 1070 reponam,

68 1079 193 1132 Vexatus
210 1077 293 1131 toties
311 1077 385 1130 rauci
403 1075 538 1130 Theseide
556 1075 657 1130 Codri?

68 1153 184 1222 Impune
201 1170 266 1220 ergo
284 1153 351 1206 mihi
368 1153 526 1207 recitaverit
542 1152 589 1206 ille
606 1155 721 1220 togatas,

68 1229 124 1282 Hic
140 1229 249 1296 elegosl
267 1229 378 1297 impune
395 1228 469 1282 diem
486 1228 665 1281 consumserit
682 1228 778 1295 ingens
861 1236 863 1240 ’

67 1305 208 1374 Telephus,
225 1309 274 1359 aut
293 1305 391 1358 summi
408 1305 489 1374 plena
502 1303 562 1372 jam
580 1304 701 1372 margine
719 1303 782 1357 libri
905 1315 917 1354 5

67 1381 192 1450 Scriptus
210 1387 239 1436 11
256 1383 285 1435 in
302 1385 389 1451 tergo,
406 1398 455 1434 nec
474 1381 540 1434 dum
557 1381 658 1448 finitus,
677 1379 807 1433 Orestes?

67 1457 141 1510 Nota
157 1459 244 1525 magis
262 1457 330 1510 nulli
348 1457 445 1510 domus
463 1461 505 1510 est
524 1474 572 1510 sua
590 1473 671 1526 quani
688 1455 755 1508 mihi
771 1455 848 1508 lucus

66 1531 173 1598 Martis,
192 1538 222 1586 et
240 1533 344 1586 Aeoliis
362 1533 479 1586 vicinum
497 1532 611 1602 rupibus
629 1535 738 1585 antrum

67 1608 190 1662 Vulcani.
228 1608 300 1672 Quid
318 1613 400 1675 agant
418 1609 511 1675 Venti,
530 1625 597 1677 quas
615 1610 745 1676 torqueat
761 1606 873 1661 umbras

68 1687 183 1750 Aeacus,
201 1685 274 1738 unde
291 1685 358 1737 alius
375 1685 493 1738 furtivae
512 1684 630 1738 devehat
647 1700 743 1736 eurum
892 1699 917 1738 1ο

68 1761 221 1826 Pelliculac,
239 1764 354 1829 quantas
369 1760 507 1828 jaculetur
525 1760 673 1828 Monychus
691 1775 778 1826 ornos,

67 1837 212 1890 Frontonis
229 1837 332 1906 platani
350 1837 530 1905 convulsaque
548 1852 682 1890 marmora
699 1835 817 1889 1111111111

67 1913 181 1982 Semper
198 1917 227 1966 et
245 1912 355 1966 assiduo
373 1917 471 1983 ruptae
489 1913 592 1967 lectore
609 1913 756 1966 columnae.

67 1989 203 2058 Expectes
222 1989 319 2043 eadem
338 2006 354 2042 a
373 2006 477 2043 summo
495 1990 661 2058 minimoque
679 1991 768 2058 poeta.

66 2065 104 2118 Ilt
121 2081 169 2118 nos
187 2082 252 2134 ergo
271 2082 380 2118 manum
398 2066 501 2119 ferulae
519 2066 705 2131 subduximus,
724 2076 753 2118 11
770 2080 819 2118 nos
892 2078 916 2118 15

67 2141 215 2196 Consilium
236 2141 362 2195 dedimus
384 2141 476 2196 Sullae
496 2143 619 2212 privatus
639 2146 671 2196 ut
689 2141 774 2196 altum

66 2216 213 2272 Dormiret.
250 2218 340 2272 Stulta
359 2222 402 2272 est
424 2219 575 2286 clementia,
594 2236 678 2288 quum
695 2221 739 2272 tot
755 2217 858 2286 ubique

66 2293 184 2348 Vatibus
203 2311 336 2361 occurras,
353 2295 493 2364 periturae
509 2312 622 2364 parcere
641 2295 761 2349 chartae.

101 2371 158 2426 Gur
175 2375 268 2425 tamen
286 2371 337 2424 hoc
355 2372 446 2439 potius
465 2371 551 2425 libeat
570 2371 715 2425 decurrere
735 2386 830 2439 campo

67 2447 122 2501 Per
139 2464 220 2516 quem
242 2463 355 2516 magnus
377 2463 462 2515 equos
485 2450 629 2502 Auruncae
649 2447 726 2500 flexit
744 2445 876 2513 alumnus,
893 2459 916 2498 ao

65 2523 95 2577 Si
113 2527 192 2577 vacat
211 2528 240 2577 et
260 2522 361 2592 placidi
380 2523 514 2577 rationem
533 2523 688 2591 admittitis,
708 2523 795 2576 edam.

65 2599 156 2664 Quum
175 2603 254 2654 tener
275 2615 389 2652 uxorem
409 2599 492 2653 ducat
511 2600 609 2669 spado;
630 2599 738 2653 Maeuia
757 2598 872 2651 'luseum

66 2675 146 2744 Figat
164 2691 261 2744 aprum
281 2681 311 2730 ct
330 2675 404 2729 nuda
422 2679 519 2730 teneat
538 2676 671 2730 venabula
689 2690 822 2739 mamma3

66 2750 199 2806 Patricios
216 2768 310 2805 omnes
326 2751 424 2820 opibus
444 2768 529 2820 quum
547 2755 676 2820 provocet
692 2767 770 2818 unus,

65 2827 126 2893 Quo
142 2827 274 2882 tondente
293 2829 385 2897 gravis
400 2827 496 2897 juveni
514 2828 581 2882 mihi
598 2828 684 2883 barba
702 2827 829 2890 sonabat;
892 2840 917 2880 ac

65 2902 156 2968 Quum
174 2921 239 2973 pars
257 2905 378 2959 Niliacae
396 2905 493 2974 plebis,
511 2921 594 2973 quum
612 2922 696 2959 verna
714 2903 824 2969 Oanoqi

66 2977 214 3048 Crispinus,
233 2981 327 3050 Tyrias
344 2981 460 3036 humero
476 2984 629 3036 reuocante
639 2981 792 3038 1111111111

65 3053 188 3111 Ventilet
207 3057 347 3113 aestivum
364 3058 469 3129 digitis
486 3055 666 3114 sudantum
682 3061 807 3104 aarum„

53 3130 85 3184 N
84 3148 117 3186 ec
132 3133 252 3190 sufferre
272 3140 365 3208 queat
382 3137 513 3209 majoris
529 3132 675 3206 pondera
690 3125 858 3190 {mmm

44 3206 171 3277 Difficile
182 3219 229 3267 est
243 3214 371 3273 satiram
384 3231 449 3272 non
463 3213 617 3271 scribere.
655 3201 750 3254 dam

113 3300 131 3334 J
133 3301 183 3334 ΠΨ.

952 3234 983 3270 Β

760 3165 982 3254 ᾠὼδψβ
999 3154 1008 3179 ³

1010 88 1015 199 1

1010 218 1017 357 l

1012 368 1017 489 1

1013 494 1018 573 l

1014 580 1018 691 1

1014 700 1019 791 Ι
