2040 3510
350 186 483 236 SATIRA
499 187 564 236 VII.
583 187 665 236 VIII.
906 191 935 237 49

86 276 188 331 Sedisti
206 293 261 344 qua
279 293 359 330 nemo
377 275 463 342 faber,
482 294 537 346 qua
554 293 635 330 nemo
655 276 764 331 sedaret

87 352 140 417 Qui
158 353 239 406 docet
257 352 367 421 obliquo
383 352 474 406 lanam
492 353 627 407 deducere
644 353 730 417 ferro;

86 429 240 482 Dummodo
259 445 313 482 nou
331 432 430 498 pereat
447 429 563 482 totidem
581 429 704 482 olfecisse
722 429 848 482 lucernas
900 444 936 482 aas

86 505 160 568 Quot
178 503 288 558 stabant
306 504 393 573 puerI,
413 521 498 572 quum
515 508 591 558 totus
609 504 720 558 decolor
738 509 812 559 esset

86 580 200 635 Flaccus
219 586 248 635 et
266 581 392 635 haereret
411 581 489 649 nigro
507 581 591 649 fuligo
610 581 724 634 Maroni.

86 657 162 710 Rara
179 662 270 711 tamen
288 673 392 710 merces
410 674 480 727 quae
497 657 650 725 cognitione
667 655 770 709 tribrmi
847 677 850 681 ·

85 733 112 786 N
114 750 149 787 on
168 738 257 802 egeat.
291 735 346 788 Sed
365 751 412 788 vos
431 750 524 788 saevas
543 733 675 801 imponite
693 733 773 800 leges,

85 809 126 864 Ut
144 812 314 880 praeceptori
331 809 475 864 verborum
493 809 587 878 regula
605 811 718 876 constet,
900 822 935 861 aio

86 885 127 940 Ut
143 886 217 954 legat
234 887 367 954 historias,
385 890 510 940 auctores
525 885 631 939 neverIt
649 900 740 937 omncs
885 897 889 905 ·

86 962 225 1031 Tanquam
243 980 347 1032 ungues
365 963 521 1032 digitosque
539 977 616 1027 su0s;
638 963 671 1014 ut
687 960 758 1014 forte
774 967 892 1028 rogatus

86 1038 159 1091 Dum
176 1041 248 1107 petit
265 1044 314 1094 aut
331 1040 453 1094 thermas
470 1043 518 1093 aut
537 1037 642 1092 Phoebi
659 1036 762 1103 balnea,
781 1037 856 1091 dieat

86 1115 229 1169 Nutricem
247 1117 390 1185 Anchisae,
409 1133 508 1170 nomen
525 1115 695 1184 patriamque
712 1128 844 1168 novercae

87 1191 263 1259 Archemori;
287 1193 360 1246 dicat
378 1197 445 1262 quot
464 1194 580 1246 Acestes
598 1190 696 1243 vixerit
713 1205 806 1257 annos,
899 1203 935 1242 aaa

87 1266 159 1331 Quot
176 1268 280 1323 Siculus
298 1269 450 1338 Phrygibus
468 1269 522 1322 vini
540 1267 684 1320 donaverit
700 1282 789 1320 urnas.

86 1343 195 1412 Exigite
212 1349 244 1399 ut
261 1361 351 1398 mores
367 1349 475 1398 teneros
492 1360 542 1397 ceu
559 1343 656 1410 pollice
674 1343 763 1408 ducat,

86 1419 127 1474 Ut
146 1420 168 1474 si
188 1421 248 1489 quis
267 1438 329 1474 cera
348 1420 453 1474 vultum
472 1420 553 1485 facit3
577 1419 679 1487 exigite
697 1422 730 1472 ut
747 1418 784 1472 sit

87 1495 124 1548 Et
142 1500 223 1565 pater
241 1497 327 1566 ipsius
345 1500 446 1562 coetus,
465 1514 500 1549 ne
517 1496 610 1564 turpia
629 1495 731 1560 ludant,

87 1570 112 1623 N
115 1587 131 1624 e
141 1571 243 1624 faciant
255 1571 366 1625 vicibus.
401 1571 446 1622 “N
449 1588 483 1624 on
496 1575 538 1625 est
549 1571 608 1625 leve
620 1572 664 1624 tot
674 1586 820 1639 puerorum
899 1585 934 1623 aro

87 1645 240 1699 Observare
257 1663 352 1699 manus
370 1647 516 1715 oculosque
533 1646 560 1699 in
578 1647 633 1698 fine
650 1647 822 1698 trementes.”

87 1722 208 1788 “Haase''
221 1722 317 1791 inquIt,
333 1723 430 1775 “cures
449 1727 479 1775 et
497 1738 580 1790 quum
600 1738 629 1774 se
648 1721 761 1774 verterit
780 1737 873 1788 annus,

87 1797 191 1868 Accipe
209 1798 304 1852 victori
321 1798 436 1868 populus
454 1798 529 1866 quod
545 1797 668 1866 postulat
683 1800 802 1850 aurum.''

384 2128 526 2182 SATIRA
553 2128 637 2183 VIII.

85 2244 241 2298 Suessulam
259 2243 327 2312 quid
343 2245 464 2301 faciuntl
488 2248 556 2315 quid
572 2248 693 2316 prodest,
713 2249 834 2315 Pontice,
853 2249 933 2317 longo

84 2324 220 2392 Sanguine
238 2324 342 2378 censeri
360 2324 502 2393 pictosque
521 2323 667 2376 ostendere
684 2324 776 2378 vultus

84 2399 227 2469 Majorum,
246 2405 275 2455 et
292 2403 396 2454 stantes
413 2399 441 2451 in
459 2398 583 2452 curribus
602 2400 775 2464 Aemilianos,

84 2477 121 2530 Et
140 2477 234 2531 Curios
248 2476 308 2545 jam
326 2475 460 2541 dimidios,
478 2474 646 2542 humeroque
663 2476 794 2530 minorem

83 2553 239 2621 Corvinum,
259 2558 288 2608 et
307 2551 422 2607 Galbam
441 2552 568 2606 auriculis
587 2568 709 2622 nasoque
727 2555 883 2607 carenteml
930 2574 941 2607 5

85 2630 150 2695 Quis
168 2631 271 2683 hristus
288 2628 396 2698 generis
413 2628 505 2682 tabula
519 2628 626 2695 jactare
643 2631 736 2698 capaci

86 2705 236 2773 Coruinum,
255 2707 368 2775 posthac
386 2706 472 2759 multa
489 2705 646 2772 contingere
663 2707 739 2774 virga

86 2781 215 2836 Fumesos
234 2783 364 2851 Equitum
382 2798 443 2834 cum
462 2781 604 2835 Dictatore
620 2781 771 2849 magistros,

84 2858 114 2910 Si
131 2874 222 2912 coram
240 2859 352 2928 Lepidis
369 2859 440 2912 male
458 2859 576 2913 viviturl
597 2859 700 2926 effigies
718 2874 771 2926 quo

84 2933 136 2986 Tot
153 2933 324 3001 bellatorum,
342 2934 365 2987 si
381 2933 485 2987 luditur
502 2934 562 2987 alea
578 2951 681 3003 pernox
910 2947 932 2984 1o

84 3010 161 3063 Ante
179 3011 374 3075 Numantin0s;
392 3010 414 3062 si
433 3010 552 3063 dormire
569 3010 665 3079 incipis
682 3013 745 3063 ortu

83 3084 209 3153 Luciferi,
227 3103 281 3155 quo
298 3086 375 3154 signa
393 3086 476 3140 duces
493 3089 524 3141 et
541 3090 637 3140 castra
650 3084 826 3138 mordeanth

82 3159 139 3213 Our
153 3161 338 3231 Allobrogicis
356 3165 386 3218 et
404 3180 509 3234 magna
527 3162 656 3232 gaudeat
671 3175 728 3212 ara
851 3221 858 3232 ,

67 3234 162 3288 Natus
179 3236 207 3290 in
227 3236 373 3296 Hermdeo
392 3241 505 3298 Fabium
521 3240 615 3308 haue,
632 3236 663 3290 ΒΧ
678 3230 825 3300 ffih'llmr
838 3236 873 3272 a

130 3326 193 3367 ΠΝ.
927 3293 956 3329 Ἢ
