2040 3510
72 170 102 216 40
249 226 250 230 Ἰ
305 167 682 218 n.enn11Juvnnau1s
752 197 754 202 ·

71 255 162 321 Isidis,
180 255 292 325 antiqno
310 272 381 324 quae
398 256 523 324 proxima
540 256 628 323 surgit
646 255 724 310 Ovili.

72 331 167 386 Credit
185 332 257 385 enim
275 333 358 400 ipsius
376 331 501 385 dominae
519 349 548 385 se
567 349 631 385 voce
648 331 795 397 1555551,-
883 343 918 384 tae

72 408 114 461 En
132 408 249 462 animam
267 414 296 462 51
313 410 433 461 mentem
451 424 512 461 eum
531 425 585 475 qua
602 408 631 461 di
648 414 727 461 necte
745 408 906 475 loquantur!

72 485 144 551 Ergo
162 483 205 537 hie
222 484 396 551 praecipuum
415 501 603 552 summumque
621 488 742 538 meretur
759 484 896 547 honorem,

73 560 124 624 Qui
142 577 225 627 grege
243 559 356 627 linigero
373 559 556 613 circumdatus
575 565 603 614 51
621 577 705 628 grege
722 560 797 614 calve

73 636 229 703 Plangentis
245 636 339 705 pepuli
356 636 443 690 currit
460 636 566 690 derisor
585 636 702 690 Anubis.

73 712 125 765 Ille
142 713 213 780 petit
231 713 344 780 veniam,
362 713 470 780 quoties
487 729 540 765 nen
559 712 678 766 abstinet
695 728 765 765 uxor
884 725 920 764 555

73 789 225 843 Concubitu
242 789 325 842 saeris
343 788 573 857 observandisque
591 789 694 856 diebus

73 866 227 934 Magnaque
245 865 364 919 debetur
381 865 481 919 violate
499 882 586 934 poena
603 865 728 933 cadurco,

74 942 110 994 Et
127 942 242 994 movisse
260 946 342 1010 caput
359 942 417 996 visa
435 945 478 995 551
496 946 626 1009 argentea
644 959 770 1012 serpens:

74 1017 151 1070 Illius
168 1017 295 1071 lacrimae
313 1017 500 1086 meditataque
518 1034 658 1071 murmura
675 1020 817 1086 praestant

73 1094 114 1147 Ut
131 1094 237 1147 veniam
255 1093 352 1163 eulpae
368 1111 422 1147 nen
440 1093 544 1148 abnuat
561 1110 657 1147 ansere
673 1110 773 1161 magno
886 1108 922 1146 oro

74 1169 182 1223 Scilicet
199 1173 228 1224 et
245 1170 321 1223 tenui
339 1187 446 1238 popano
464 1174 609 1238 corruptus
626 1169 719 1223 Osiris.

108 1247 197 1312 Quum
215 1246 293 1300 dedit
310 1246 355 1299 ille
373 1246 468 1313 lecum,
486 1247 601 1315 cophino
619 1247 752 1314 faenoque
769 1246 864 1299 relicte

74 1327 211 1377 Arcanum
229 1322 337 1376 Judaea
354 1326 475 1376 tremens
492 1322 631 1377 mendicat
648 1323 677 1375 in
694 1338 796 1389 aurem,

75 1390 215 1468 Interpres
232 1399 323 1467 legum
342 1399 509 1466 Solymarum
527 1403 556 1452 51
574 1416 671 1467 magna
689 1397 815 1452 sacerdos

75 1477 189 1530 Arboris
206 1493 238 1529 ae
256 1477 354 1529 summi
371 1475 426 1528 fida
443 1477 612 1531 internuntia
629 1476 712 1542 caeli3
887 1489 923 1528 555

75 1553 176 1621 Implet
194 1556 223 1606 51
239 1552 285 1605 illa
303 1569 420 1617 manum,
438 1553 487 1606 scd
504 1553 626 1621 parcius:
644 1568 707 1606 aere
723 1551 829 1605 minute

76 1628 277 1696 Qualiaeunque
295 1628 368 1681 voles
386 1627 488 1682 Judaei
505 1629 610 1682 somnia
626 1629 755 1683 vendunt.

109 1704 231 1773 Spondet
249 1708 397 1758 amatorem
415 1707 541 1759 tenerum
559 1704 602 1758 vel
620 1705 712 1759 51151115
729 1704 789 1758 orbi

75 1781 279 1834 Testamentum
296 1781 399 1849 ingens,
416 1781 519 1835 calidae
536 1781 663 1850 pulmone
680 1782 821 1836 columbae

75 1858 209 1924 Tractate‚
228 1857 375 1910 Armenius
393 1857 436 1911 vel
455 1858 653 1926 Commagenus
670 1859 819 1928 haruspex:
889 1875 924 1913 555

76 1935 193 1988 Pectora
209 1933 344 2002 pullorum
361 1933 512 2000 rimabitur,
531 1939 596 1987 exta
613 1934 711 2000 catelli,

77 2011 220 2064 Interdum
239 2013 267 2063 51
285 2008 374 2077 pue'ri:
392 2009 480 2071 faciet,
499 2009 572 2075 qued
590 2009 697 2063 deferat
713 2012 778 2078 ipse.

111 2087 254 2141 Chaldaeis
271 2085 320 2138 sed
338 2085 426 2152 major
443 2085 495 2138 erit
513 2084 626 2140 fiducia:
644 2086 780 2154 quidquid

76 2163 184 2216 Dixerit
201 2161 352 2228 astrologus
369 2160 482 2214 credent
499 2177 515 2212 a
532 2161 608 2214 fonte
625 2160 741 2214 relatum

76 2239 237 2293 Hammonis
246 2259 253 2303 ;
269 2237 395 2305 quoniam
413 2236 528 2304 Delphis
546 2237 654 2290 oracula
671 2241 778 2292 cessant
888 2253 924 2292 555

76 2316 113 2369 Et
130 2332 216 2382 genus
233 2314 380 2367 humanum
399 2311 511 2365 damnat
529 2312 614 2380 caligo
631 2313 723 2367 futuri.

77 2392 241 2461 Praecipuus
257 2394 350 2444 tamen
369 2393 412 2442 551
428 2388 525 2441 horum
544 2389 591 2456 qui
608 2390 715 2458 saepius
732 2390 815 2456 exsul,

77 2469 162 2536 Cujus
180 2467 300 2521 amicitia
317 2464 549 2533 conducendaque
567 2465 669 2520 tabella

76 2545 192 2612 Magnus
209 2543 273 2596 civis
291 2541 349 2593 obit
367 2544 396 2594 51
413 2540 574 2610 formidatus
592 2541 700 2596 Othoni.

76 2620 146 2674 Inde
164 2620 232 2672 fides
250 2618 325 2683 artis,
345 2617 435 2670 senuit
452 2616 475 2669 51
493 2616 608 2671 dextera
625 2619 697 2672 ferre
889 2635 925 2674 555

76 2697 226 2764 Laevaque,
245 2695 268 2747 si
285 2694 365 2760 longe
381 2695 532 2746 castrorum
549 2693 576 2746 in
595 2711 702 2750 earcere
720 2695 826 2749 mansit.

76 2773 163 2826 Neine
181 2771 388 2824 mathematicus
406 2770 516 2836 genium
534 2770 707 2824 indemnatus
724 2770 844 2837 habebit,

73 2849 132 2907 Sed
150 2849 198 2916 qui
215 2864 301 2917 paene
319 2846 397 2914 perit
414 2846 457 2898 cui
475 2847 519 2899 vix
538 2847 565 2900 in
585 2846 702 2915 Cyclada
719 2847 793 2900 mitti

77 2925 198 2993 Contigit
217 2927 245 2978 et
262 2939 346 2994 parva
364 2922 476 2975 tandem
494 2923 613 2976 caruisse
632 2923 753 2991 Seripho.

77 3002 199 3056 Consulit
216 3000 342 3054 ictericae
359 2998 434 3052 lente
452 2998 488 3051 de
506 2999 601 3052 funere
619 3000 722 3065 matris,
890 3015 927 3054 555

72 3082 151 3130 Ante
169 3082 261 3131 tamen
280 3076 315 3129 de
333 3080 369 3143 15,
389 3074 519 3142 Tanaquil
538 3079 601 3139 tua;
618 3075 727 3142 quande
745 3091 864 3129 sorerem

52 3149 165 3200 anema
182 3157 215 3202 et
226 3157 365 3218 patruos;
383 3168 418 3204 an
438 3151 476 3205 sit
494 3152 620 3206 victurus
637 3151 746 3205 adulter

42 3213 110 3268 ¹²0&
123 3221 226 3289 desem,
250 3227 324 3295 quid
341 3228 420 3282 enim
440 3226 537 3301 majus
555 3228 628 3286 dare
644 3228 762 3284 numina
777 3227 911 3297 possuntt
