2040 3510
84 170 117 217 42
320 168 351 216 D.
372 167 478 216 JUNII
494 168 704 217 JUVENALIS

84 257 189 326 Ingerit
206 261 293 327 utque
311 275 374 312 snos
391 257 485 311 ridens
501 258 629 327 producit
646 258 775 312 alumnos.

119 335 172 387 Hic
189 335 307 402 magicos
325 335 405 388 affert
423 338 528 400 cantus,
547 335 591 388 hic
609 334 736 388 Thessala
753 333 848 388 vendit
899 349 937 387 mo

83 409 196 477 Philtra,
216 411 313 478 quibus
332 411 440 464 valcant
457 414 578 464 mentem
597 427 696 463 vexare
714 411 805 463 mariti

82 485 117 538 llt
136 486 209 539 solea
225 486 335 554 pulsare
352 490 437 539 nates.
474 487 555 551 Quod
572 486 674 554 desipis
691 486 756 539 indc
773 490 832 552 est3

83 561 153 614 lnde
171 562 253 615 animi
271 563 357 630 caligo
375 568 404 616 et
421 579 521 631 magna
539 563 638 616 oblivio
656 579 747 616 rernm

81 636 154 700 Quas
172 637 253 690 modo
270 639 387 705 gessisti.
423 639 524 692 Tamen
541 639 593 693 boc
610 638 762 704 tolerabile,
781 638 876 692 sinon

81 712 117 765 llt
134 713 226 767 furere
243 714 365 782 incipias,
384 719 417 769 nt
434 715 582 769 avunculus
599 715 646 768 ille
664 715 789 782 Neronis,
900 728 936 768 616

81 789 131 841 Cui
149 793 235 842 totam
254 791 364 845 tremuli
381 790 500 845 frontem
519 791 650 845 Caesonia
666 790 734 859 pulli

81 864 193 920 lnfudit.
231 867 307 932 Quae
325 884 378 921 non
397 869 479 922 faciet
495 868 571 937 quod
589 867 723 935 Principis
747 866 832 921 uxori

56 1005 60 1011 Ι
80 941 226 995 Ardebant
244 947 342 997 cuncta
360 952 389 997 et
406 945 493 998 tracta
511 960 642 1013 compage
659 943 783 1010 ruebant,

78 1015 140 1068 Non
159 1017 240 1071 aliter
258 1035 340 1086 «ruam
358 1021 381 1074 si
398 1021 509 1074 fecisset
526 1021 545 1074 J
549 1037 602 1074 uno
620 1021 749 1072 maritum

80 1092 216 1150 Insanum.
252 1095 346 1149 Minus
361 1110 427 1164 ergo
445 1113 546 1150 nocens
564 1097 617 1150 erit
637 1096 808 1164 Agrippinae
898 1107 935 1146 666

79 1168 206 1225 Boletus:
225 1172 360 1239 siquidem
379 1173 459 1225 unius
476 1171 637 1241 praecordia
660 1172 761 1240 pressit

78 1245 130 1298 llle
148 1247 221 1300 senis
238 1248 443 1316 tremulumque
461 1253 544 1317 caput
561 1247 729 1302 descendere
744 1245 830 1314 jussit

78 1321 112 1374 In
129 1323 234 1376 caelum
253 1328 282 1377 et
299 1324 381 1392 longa
398 1325 537 1378 manantia
554 1324 630 1377 labra
647 1323 739 1376 saliva.

78 1399 155 1452 Haec
171 1400 260 1467 poscit
278 1400 380 1454 serrum
398 1407 481 1469 atque
499 1402 584 1468 ignes,
601 1399 668 1454 haec
686 1398 761 1467 potio
784 1400 904 1464 torquet,

78 1474 155 1528 Haec
173 1474 276 1530 lacerat
295 1478 397 1530 mixtos
416 1477 546 1543 Equitum
565 1493 628 1530 cum
646 1475 777 1542 sanguine
795 1473 899 1526 Patres.

76 1550 156 1604 'l'anti
174 1556 270 1619 partus
288 1569 384 1621 equae,
403 1553 475 1607 tanti
492 1570 550 1606 una
564 1551 687 1606 venefica
704 1552 827 1604 constat!
897 1563 934 1602 eae

112 1627 238 1681 Oderunt
255 1633 335 1683 natos
352 1629 388 1683 de
406 1629 518 1699 pellice;
535 1645 615 1682 nemo
633 1629 775 1696 repugnet,

76 1704 164 1758 Nemo
183 1708 267 1768 vetet,
286 1705 345 1773 jam
360 1706 420 1774 jam
437 1707 592 1775 privignum
610 1703 735 1758 occidere
752 1704 793 1756 fas
811 1704 862 1755 est,

77 1779 135 1833 Vos
153 1797 211 1848 ego,
228 1782 333 1851 pupilli,
351 1799 455 1849 moneo,
474 1782 574 1851 quibus
592 1780 707 1849 amplior
725 1782 768 1832 est
786 1793 838 1844 res,

77 1855 222 1910 Custodito
239 1859 343 1911 anirnas
361 1861 390 1912 et
407 1859 474 1911 nulli
493 1858 599 1912 credite
617 1871 742 1910 mensae:
896 1867 933 1906 636

77 1932 174 1986 Livida
190 1938 314 1987 materno
331 1935 440 1989 fervent
458 1934 569 2003 adipata
586 1948 696 1986 veneno.

76 2008 204 2063 Mordeat
222 2015 286 2063 ante
304 2010 402 2078 aliquis
421 2009 556 2078 quidquid
573 2007 729 2078 porrexerit
745 2005 793 2059 illa

77 2084 152 2148 Quae
169 2086 291 2154 peperit;
309 2086 426 2139 timidus
442 2089 603 2154 praegustet
620 2083 717 2152 pocula
734 2097 846 2150 puppas.

76 2160 219 2229 Fingimus
236 2162 310 2227 baec,
328 2162 413 2215 altum
432 2162 518 2215 satira
535 2164 660 2233 sumente
677 2158 849 2226 cothurnum,

75 2237 192 2304 Scilicet,
211 2241 241 2292 et
259 2239 340 2292 finem
358 2239 461 2306 egressi
478 2238 622 2306 legemque
639 2236 760 2304 priorum
895 2250 931 2291 mo
1009 2297 1012 2303 ,

76 2314 186 2368 Grande
204 2315 353 2384 Sophocleo
371 2331 480 2368 carmen
500 2314 663 2367 bacchamur
681 2312 767 2378 hiatu,

75 2390 216 2445 Montibus
233 2392 358 2458 ignotum
377 2391 489 2445 Rutulis
499 2390 633 2458 caeloque
652 2388 764 2442 Latino!

75 2466 134 2521 Nos
151 2468 256 2521 utinam
273 2468 349 2521 vani!
370 2467 420 2520 sed
437 2467 538 2520 clamat
557 2467 661 2532 Pontia,
679 2466 693 2491 “
700 2464 773 2532 Feci,

77 2542 223 2608 Confiteor,
240 2544 388 2611 puerisque
406 2543 475 2596 meis
492 2544 601 2597 aconita
619 2541 722 2612 paravi,

76 2618 152 2682 Quae
170 2617 306 2688 deprensa
322 2623 433 2687 patent:
450 2620 555 2672 facinus
573 2623 666 2672 tamen
683 2617 743 2685 ipsa
759 2617 877 2686 peregi.''
894 2633 930 2672 646

75 2693 150 2746 'lune
168 2694 236 2747 duos
254 2710 315 2759 una,
334 2695 492 2748 saevissima
510 2696 610 2763 vipera,
629 2694 730 2748 coenat

74 2770 151 2823 Tune
169 2769 255 2825 duosl
291 2770 429 2839 “Septem,
448 2772 470 2825 si
488 2775 594 2842 septem
611 2771 683 2824 forte
699 2768 839 2823 fuissent.’'

75 2846 226 2900 Credamus
243 2848 353 2914 tragicis
371 2848 506 2916 quidquid
524 2849 559 2900 de
579 2846 707 2901 Colchide
725 2860 806 2898 saeva

75 2922 183 2976 Dicitur
201 2926 230 2976 et
249 2924 370 2978 Procne:
387 2923 425 2977 nil
444 2929 538 2977 contra
556 2917 777 2976 con0r1'etillse

75 2999 197 3053 Grandia
214 3004 337 3052 monstra
354 2999 410 3052 suis
427 2999 567 3053 audebant
584 2997 770 3067 temporibus;
788 2997 838 3051 sed
892 3013 929 3052 ess

67 3076 136 3124 Nori
147 3079 269 3141 propter
284 3092 416 3129 nummos
453 3074 544 3128 Minor
561 3074 706 3129 admiratio
724 3073 837 3128 summis

47 3143 186 3195 Debetur
199 3151 342 3218 monstris,
363 3151 474 3219 quotics
491 3152 561 3207 facit
578 3152 622 3206 ira
643 3153 790 3205 nocentem

26 3207 123 3262 Hune
137 3231 261 3276 serum:
277 3225 364 3282 rabie
374 3227 466 3297 jecur
484 3229 661 3287 incendente
677 3226 807 3282 teruntur
