2040 3510
119 169 150 215 dd
353 166 386 215 D.
405 167 480 218 JUN
482 168 512 217 11
528 168 547 218 J
549 167 736 217 UVENALIS

117 253 211 311 Vanus
228 256 258 307 et
276 254 406 322 Euganea
422 256 595 324 quantumvis
612 255 718 309 mollior
735 274 818 326 agnar
947 274 971 312 rc

117 329 145 382 Si
163 333 288 383 tenerum
305 331 419 384 attritus
437 330 576 385 Catinensi
593 331 702 401 pumice
719 332 842 388 lumbum

117 405 280 472 Squalentes
296 405 418 460 traducit
435 422 506 473 avos,
519 410 662 476 erutorque
680 410 776 462 veneni

117 481 279 549 Frangenda
296 482 424 535 miseram
440 481 563 536 funestat
580 482 698 550 imagine
715 487 844 552 gcnteml

115 557 184 610 'lota
201 557 265 611 licet
283 561 389 612 veteres
407 561 541 611 exornent
558 558 680 627 undique
697 576 776 615 cerae

116 633 204 698 Atria,
222 633 350 687 nobilitas
368 633 426 686 sola
444 636 487 686 est
505 639 588 702 atque
605 636 685 689 rruica
702 635 795 690 virtus.
943 652 969 693 ao

116 708 224 761 Paullus
242 709 285 762 vol
303 708 402 763 Cossus
420 707 463 762 vel
481 709 586 763 Drusus
604 711 724 764 moribus
742 715 818 776 esto;

115 785 174 839 llos
192 789 256 838 ante
274 785 376 853 effigies
393 785 527 854 majorum
545 802 616 855 pone
633 789 758 853 tuorum;

114 860 284 914 Praeccdant
300 860 374 929 ipsas
390 861 430 914 illi
447 865 476 916 te
495 861 611 916 Consule
628 862 725 930 virgas.

113 936 206 990 Prima
222 937 290 991 mihi
308 936 393 991 debes
410 938 494 990 animi
512 937 594 991 bona:
620 943 730 993 sanctus
748 939 843 994 haberi

112 1013 299 1081 .lustitiaeque
316 1017 400 1067 tenax
417 1013 499 1067 factis
517 1013 652 1081 dictisque
669 1016 789 1082 mereris,
941 1034 965 1072 rs

112 1090 240 1156 Agnosco
257 1104 407 1158 procerem.
443 1089 529 1153 Salve,
549 1089 699 1156 Gaetulice,
717 1107 765 1144 scu
782 1094 812 1144 tu

111 1166 226 1232 Silanus,
245 1181 407 1232 quocunque
425 1165 478 1217 alio
496 1164 532 1217 de
551 1165 688 1232 sanguine,
706 1183 784 1220 rarus

111 1241 185 1295 Civis
203 1246 232 1295 ct
249 1240 375 1308 egregius
392 1241 499 1308 patriae
517 1239 651 1306 contingis
668 1242 765 1295 ovanti.

110 1318 271 1371 Exclamare
288 1316 357 1369 libet
374 1317 490 1385 populus
508 1315 583 1382 quod
600 1316 700 1370 clamat
719 1315 790 1371 Osiri

109 1394 234 1447 Invento.
270 1394 337 1458 Quis
354 1393 427 1445 enim
444 1407 605 1459 generosum
622 1391 725 1446 dixerit
742 1393 814 1448 hunc
832 1395 879 1464 qui
938 1413 963 1453 so

111 1469 245 1537 indignus
261 1485 363 1536 genere
380 1471 409 1522 et
426 1467 567 1536 praeclaro
585 1467 693 1520 nomine
711 1471 819 1523 tantum

109 1545 244 1612 Insignisl
279 1545 388 1598 Nanum
406 1543 547 1612 cujusdam
567 1543 683 1597 Atlanta
700 1561 833 1611 vocamus,

109 1620 271 1688 Aethiopem
291 1638 414 1689 cygnum,
431 1637 543 1690 pravam
561 1623 754 1690 extortamque
772 1623 891 1691 puellam

108 1696 249 1766 Europam
273 1697 386 1751 canibus
401 1697 486 1768 pigris
504 1696 649 1765 scabicque
667 1701 776 1752 vetusta

107 1772 225 1826 Levibus
244 1776 272 1827 et
289 1775 376 1831 siccae
393 1773 577 1830 lambentibus
595 1789 643 1826 ora
660 1773 784 1829 lucernae
935 1795 961 1833 ³5

107 1849 213 1903 Nomen
231 1851 284 1905 erit
302 1852 411 1918 pardus,
430 1851 515 1918 tigris,
532 1850 582 1914 leo,
602 1850 625 1902 si
643 1849 711 1918 quid
728 1851 818 1905 adhuc
836 1857 879 1908 cst

108 1924 188 1990 Quod
203 1928 303 1981 fremat
319 1927 348 1980 in
365 1930 447 1984 terris
466 1926 617 1980 violentius.
653 1926 727 1994 Ergo
744 1929 859 1998 cavebis,

106 2002 144 2056 lit
161 2007 268 2057 metues
284 2020 320 2056 ue
337 2009 368 2056 tu
386 2006 423 2057 sis
441 2001 565 2056 Creticus
583 2004 631 2054 aut
650 2001 815 2056 Camerinus.

140 2079 193 2134 His
205 2096 256 2148 ego
268 2097 349 2148 quem
362 2079 472 2132 monuil
492 2082 583 2131 tecum
596 2081 638 2131 cst
649 2077 716 2130 mihi
729 2095 824 2146 sermo,
840 2078 948 2136 Rubelli

106 2157 210 2210 Plauto.
246 2157 344 2210 Tumes
361 2156 417 2210 alto
433 2155 585 2208 Drusorum
602 2157 753 2222 stemmate,
768 2159 899 2224 tanquam
933 2174 958 2212 4ο

104 2233 215 2287 Feceris
232 2233 291 2302 ipse
309 2233 412 2302 aliquid
429 2233 544 2300 propter
562 2230 636 2297 quod
653 2228 750 2283 nobilis
768 2247 847 2299 esses,

104 2310 144 2363 Ut
163 2314 191 2364 te
209 2310 362 2378 conciperet
379 2325 449 2378 quae
467 2306 598 2374 sanguine
615 2305 703 2372 fulget
722 2306 782 2374 Iuli,

104 2386 129 2437 N
132 2403 166 2439 on
184 2403 255 2455 quae
272 2389 384 2439 ventoso
401 2384 536 2439 conducta
552 2383 604 2435 sub
622 2396 721 2450 aggere
739 2383 817 2438 texit.

103 2461 180 2514 “Vos
198 2461 337 2528 humiles,''
354 2461 451 2530 inquis,
471 2459 564 2528 “vulgi
582 2475 647 2528 pars
664 2459 761 2513 ultima
777 2461 870 2528 nostri,

105 2541 224 2604 Quorum
242 2555 322 2591 nemo
340 2542 423 2606 queat
441 2537 732 2606 patriam-monstrare
748 2539 883 2606 parentis:
930 2553 955 2592 45

105 2619 159 2669 Ast
177 2631 227 2682 cgo
246 2614 440 2682 Cecropides!'’
474 2613 559 2666 Vivas
578 2619 607 2667 et
624 2612 736 2680 originis
754 2613 835 2681 hujus

104 2690 211 2744 Gaudia
227 2690 309 2758 longa
326 2691 410 2744 seras:
434 2695 527 2746 tamen
546 2690 601 2743 ima
618 2690 697 2756 plebe
716 2689 850 2755 Quiritem

103 2766 263 2821 Facundum
281 2767 416 2832 invenies3
440 2767 509 2821 solct
527 2767 571 2818 hic
589 2766 737 2820 dcfcndcre
754 2780 850 2818 causas

103 2843 210 2897 Nobilis
227 2843 345 2907 indocti3
368 2843 459 2896 veniet
477 2844 513 2896 dc
530 2840 611 2911 plcbc
628 2845 723 2908 togata

103 2920 156 2983 uui
168 2920 239 2988 juris
256 2919 342 2972 nodos
360 2923 389 2972 et
405 2919 497 2986 legum
515 2917 669 2985 aenigmata
687 2916 781 2970 solvat.
928 2933 952 2974 sc

103 2996 157 3049 Hic
174 2995 246 3063 pctit
264 2996 424 3064 Euphraten
438 2995 547 3062 juvenis
566 2992 716 3060 domitique
734 2992 831 3047 Batavi

98 3072 235 3124 Custodes
252 3072 357 3140 aquilas
374 3071 455 3124 armis
471 3069 637 3123 industrius:
659 3072 689 3122 at
706 3072 738 3121 tu

76 3142 133 3189 Nil
146 3147 206 3196 nisi
223 3147 393 3216 Cecropides
412 3151 568 3216 truncoque
586 3144 736 3199 simillimus
753 3145 882 3200 liermac.

58 3210 154 3265 Nullo
171 3220 283 3290 quippe
301 3225 360 3281 alio
378 3225 469 3283 vincis
489 3221 652 3280 discrimine
671 3237 757 3292 quum
772 3219 851 3288 <im
