2040 3510
436 184 570 234 SATIRA
585 185 621 237 X.

102 272 236 328 Incolumi
253 272 335 342 'l'roja
353 271 479 327 Priamus
497 273 615 329 venisset
633 273 669 328 ad
686 275 798 329 umbras

102 348 242 414 Assaraci,
260 349 365 416 magnis
383 348 555 417 solemnibus,
574 349 696 405 Hectore
713 350 795 405 funus

101 423 236 479 Portante
253 441 285 478 ac
303 424 416 492 reliquis
433 424 550 479 fratrum
568 426 718 481 cervicibus
735 428 808 481 iuter

101 499 221 555 Iliadum
238 500 370 568 lacrimas,
388 502 420 554 ut
437 502 539 569 primos
557 501 639 556 edere
655 503 780 571 planctus

100 575 254 631 Cassandra
271 576 404 644 inciperet
423 576 561 646 scissaque
579 578 718 647 Polyxena
734 579 814 648 palla,

99 651 130 707 si
145 652 218 707 foret
236 653 388 706 exstinctus
405 652 513 707 diverso
531 657 663 723 tempore,
682 671 736 722 quo
753 672 807 708 non

99 728 236 799 Coeperat
253 728 369 783 audaces
388 728 465 782 Paris
483 729 627 784 aedificare
645 733 756 784 carinas.

98 804 193 873 Longa
211 804 271 858 dies
289 804 375 872 igitur
393 805 460 874 quid
478 805 611 860 contulitl
636 806 726 860 omnia
744 807 814 861 vidit

98 880 200 936 Eversa
218 885 247 935 et
266 880 381 935 flammis
402 881 496 935 Asiam
514 881 641 950 ferroque
660 882 811 938 cadentem.

97 955 172 1010 Puro
189 957 267 1011 miles
286 957 420 1011 tremulus
438 957 529 1026 posita
546 957 611 1012 tulit
630 975 705 1012 arma
723 959 796 1013 tiara

73 1057 84 1074 «·
97 1032 135 1086 ut
153 1033 210 1087 ruit
229 1036 294 1087 ante
314 1050 389 1087 aram
408 1033 506 1087 summi
524 1033 609 1101 Jovis,
629 1037 661 1087 ut
679 1034 788 1088 vetulus
806 1034 861 1101 bos,

98 1108 151 1173 Quui
170 1108 273 1163 domini
292 1109 386 1163 cultris
406 1113 489 1164 tenua
509 1113 538 1164 ot
556 1110 711 1164 miserabile
730 1110 828 1165 collum

96 1183 225 1250 Praebet,
245 1184 280 1239 ab
297 1186 406 1254 ingrato
420 1186 480 1256 jam
499 1186 639 1240 fastiditus
657 1190 756 1241 aratro.

96 1260 196 1315 Exitus
213 1261 260 1317 ille
278 1265 418 1331 utcunque
435 1263 566 1328 hominis;
589 1262 638 1317 sed
655 1266 734 1317 torva
753 1264 849 1319 canino

95 1336 222 1392 Latravit
241 1338 313 1393 rictu
332 1356 403 1408 quae
422 1341 485 1408 post
504 1338 576 1392 hunc
595 1339 701 1393 vixerat
719 1357 794 1394 uxor.

96 1412 208 1467 Festino
226 1414 263 1468 ad
281 1418 390 1468 nostros
408 1418 439 1469 et
456 1433 549 1484 regem
569 1420 676 1469 transeo
697 1416 777 1469 Ponti

96 1489 133 1544 Et
150 1489 289 1560 Croesum,
309 1507 391 1560 quem
409 1508 463 1546 vox
476 1490 548 1560 justi
565 1491 683 1545 facunda
701 1491 805 1546 Solonis

96 1564 245 1634 Respicere
264 1565 301 1620 ad
319 1567 416 1636 longae
433 1569 517 1636 jussit
536 1568 625 1638 spatia
644 1567 742 1622 ultima
760 1568 841 1623 vitae.

96 1641 228 1696 Exsilium
246 1647 276 1698 et
292 1659 385 1698 carcer
405 1644 661 1713 Minturnarumque
680 1643 813 1712 paludes*

96 1718 133 1772 Et
150 1718 320 1774 mendicatus
339 1720 411 1774 victa
430 1720 596 1789 Carthagine
615 1720 694 1790 panis

96 1794 171 1850 Hinc
187 1811 282 1850 causas
300 1795 428 1852 habuere.
464 1796 537 1862 Quid
556 1795 603 1850 illo
621 1797 679 1850 cive
698 1795 807 1852 tulisset

95 1870 204 1926 Natura
222 1872 251 1926 in
270 1873 358 1939 terris,
378 1873 445 1942 quid
466 1873 554 1926 Roma
571 1871 678 1927 beatius
697 1889 822 1942 unquam,

95 1944 125 2002 si
143 1948 328 2003 circumducto
348 1949 517 2019 captivorum
538 1948 646 2017 agmine
665 1950 694 2002 et
712 1949 786 2002 omui

94 2022 233 2079 Bellorum
252 2041 353 2094 pompa
370 2025 488 2079 animam
508 2025 662 2080 exhalasset
680 2024 806 2093 opimam,

94 2100 184 2166 Quum
203 2101 240 2155 de
258 2101 405 2157 Teutonico
424 2102 508 2156 vellet
529 2100 696 2156 descendero
713 2102 812 2157 currui

93 2175 212 2231 Provida
231 2177 360 2247 Pompeio
381 2177 498 2233 dederat
520 2178 667 2247 Campania
684 2177 778 2231 febres

92 2252 248 2323 Optandas:
271 2254 321 2308 sed
338 2255 441 2309 multae
459 2254 540 2309 urbes
558 2257 587 2308 et
604 2253 713 2324 publiea
730 2257 795 2308 vota

92 2328 236 2386 Vicerunt.
270 2330 360 2398 Igitur
380 2331 501 2385 Fortuna
519 2330 604 2400 ipsius
623 2332 652 2385 et
670 2328 754 2383 Urbis
906 2346 943 2387 aas

92 2404 237 2461 Servatum
255 2406 328 2461 vieto
347 2412 431 2476 caput
448 2407 568 2462 abstulit.
607 2406 666 2460 Hoc
684 2405 807 2460 cruciatu

91 2480 233 2552 hentrdus,
254 2482 304 2538 hac
322 2499 411 2552 poena
429 2483 524 2549 caruit,
543 2482 698 2551 ceciditque
718 2482 855 2551 Cethegus

91 2558 213 2628 Integer,
234 2563 263 2615 et
277 2558 367 2627 jacuit
387 2559 503 2614 Catilina
522 2559 654 2613 cadavere
672 2562 739 2614 toto.

126 2634 255 2689 Formam
275 2640 354 2703 optat
372 2636 479 2690 modico
498 2636 597 2704 pueris,
616 2635 720 2704 majore
738 2634 836 2702 puellis

91 2709 240 2780 Murmure,
255 2729 339 2780 quum
359 2712 475 2767 Veneris
494 2712 586 2766 fanum
604 2712 680 2766 videt
695 2712 776 2765 auxia
793 2715 890 2779 mater,
904 2727 940 2767 aso

91 2785 187 2856 Usque
206 2787 243 2842 ad
263 2788 374 2843 delicias
392 2792 525 2844 votorum
562 2788 640 2843 “Cur
659 2788 774 2853 tamen,''
795 2787 892 2855 inquit,

91 2862 266 2934 “Corripiasl
301 2865 401 2919 Pulcra
418 2866 523 2934 gaudet
542 2866 647 2919 Latona
667 2864 779 2918 Diana’'

90 2937 147 2994 Sed
164 2943 242 2996 vetat
258 2942 348 3011 optari
365 2942 461 2996 faciem
482 2941 611 2996 Lucretia
631 2941 739 3009 qualem

90 3013 159 3085 Ipsa
176 3015 286 3075 habant:
304 3021 418 3088 cuperet
438 3017 550 3072 Rutilae
570 3017 696 3086 Virginis
713 3016 826 3085 gibbum

89 3090 226 3162 Accipere
245 3098 329 3164 atque
348 3110 426 3151 suam
446 3094 562 3151 Rutilae
580 3093 658 3149 dare.
687 3093 786 3146 thius
802 3093 962 3139 amamus

86 3167 214 3236 Corporis
233 3172 340 3243 egregii
360 3172 482 3230 miseros
498 3170 692 3243 trepidosque
707 3166 853 3235 amasses

73 3241 196 3314 Semper
213 3244 313 3307 habet.
350 3250 433 3309 Ram
454 3253 502 3309 est
522 3248 602 3307 adeo
623 3238 792 3301 eoncordia
801 3233 962 3336 muzza
