2040 3510
370 191 502 240 SATIRA
518 189 567 238 VI.
586 189 651 239 VII.
909 186 939 238 43

91 280 266 350 Praecipites,
284 283 317 335 66
335 297 401 334 saxa
414 278 490 348 jugis
507 278 632 347 abrupta,
650 278 749 347 quibus
766 295 843 333 mons

91 358 268 414 Subtrahitur
285 357 410 425 clivoque
428 356 500 409 latus
518 355 655 424 pendente
672 355 783 409 recedit.
905 373 941 410 666

92 437 170 490 Illam
188 452 237 503 ego
255 451 309 487 non
327 433 444 501 tulerim,
458 450 528 500 quae
546 436 687 501 computat
699 437 728 486 et
746 434 834 487 scelus
845 433 941 502 ingens

90 515 161 568 Sana
177 513 249 566 facit.
284 511 415 580 Spectant
432 511 594 564 subeuntem
612 513 669 565 lata
685 512 778 566 mariti

92 590 224 644 Alcestim
243 592 279 656 et,
298 588 391 641 similis
410 587 432 640 si
449 589 616 656 permutatio
634 589 723 655 detur,

90 666 182 719 Morte
199 665 250 717 riri
267 666 377 733 cupiant
395 665 512 718 animam
530 681 639 718 servare
656 664 777 718 catellae.

91 743 242 797 Occurrent
259 742 363 795 multae
380 739 432 794 tibi
452 740 561 794 Belides
578 744 662 809 atque
681 740 826 808 Eriphylae
905 754 941 792 665

90 819 187 882 Μ666;
206 818 450 886 Clytaemnestram
468 817 557 870 nullus
575 834 629 870 non
646 818 721 869 vicus
738 816 856 870 habebit.

90 894 152 947 Hoc
169 897 275 948 tantum
293 894 386 959 refert,
404 892 478 961 quod
495 893 627 960 Tyndaris
643 893 690 946 illa
707 893 851 962 bipennem

91 971 225 1024 Insulsam
244 973 273 1024 et
290 971 393 1023 fatuam
412 970 512 1022 dextra
529 969 660 1037 laevaque
678 970 802 1023 tenebat:

90 1049 132 1100 At
148 1063 220 1101 nunc
238 1063 284 1100 res
301 1047 393 1115 agitur
409 1046 486 1100 tenui
503 1046 630 1113 pulmone
648 1047 776 1110 rubetam

91 1123 147 1177 Sed
165 1128 258 1178 tamen
277 1127 306 1178 et
323 1124 404 1190 ferro,
422 1123 445 1175 si
462 1122 653 1190 praegustabit
672 1123 786 1176 Atrides
906 1136 942 1174 666

91 1201 204 1254 Pontica
220 1203 265 1255 ter
282 1200 348 1254 victi
365 1202 461 1253 cautus
478 1199 659 1252 medicamina
676 1200 755 1267 regis.

398 1530 542 1584 sarisa
562 1530 630 1584 VII.

90 1653 131 1704 Er
149 1667 211 1720 spes
228 1655 258 1706 et
275 1651 347 1705 ratio
364 1651 517 1704 studiorum
535 1652 564 1704 in
583 1651 700 1705 (laesere
716 1654 836 1706 tantum:

90 1726 168 1781 Solus
186 1727 259 1780 enim
277 1727 372 1781 tristes
390 1726 440 1779 hac
457 1729 624 1794 tempestate
643 1728 774 1782 Camenas

70 1814 73 1821 ·
90 1801 232 1872 Respexit,
251 1819 335 1871 quum
349 1801 408 1870 jam
427 1801 548 1856 celebres
566 1803 679 1870 notique
703 1808 802 1872 poetae

89 1879 249 1934 Balneolum
268 1878 369 1946 Gabiis,
389 1880 493 1934 Itomae
511 1878 663 1934 conducere
679 1879 773 1933 furnos

88 1958 245 2023 Tentarent,
264 1972 314 2009 nec
333 1956 443 2010 foedum
461 1956 507 2010 alii
524 1973 576 2010 nec
592 1959 674 2025 turpe
695 1959 826 2024 putarent

89 2033 239 2087 Praecones
256 2032 333 2098 fieri;
351 2050 434 2102 quum
452 2033 571 2087 desertis
589 2033 748 2102 Aganippes

88 2109 213 2163 Vallibus
230 2111 352 2163 esuriens
369 2110 500 2178 migraret
517 2110 545 2163 in
564 2110 646 2163 Atria
665 2108 731 2162 Clio.

88 2186 160 2240 Nam
177 2186 201 2239 si
219 2187 310 2240 Pieria
327 2187 463 2255 quadrans
480 2186 532 2240 tibi
549 2187 640 2239 nullus
655 2187 682 2238 in
701 2185 797 2239 umbra

88 2262 265 2330 Ostendetur,
284 2279 358 2316 ames
375 2279 474 2317 nomen
491 2263 648 2331 victumque
666 2263 834 2329 Machaerae,

88 2338 125 2392 Et
142 2338 245 2393 vendas
261 2340 352 2408 potius
370 2341 512 2395 commissa
529 2340 604 2410 quod
621 2340 711 2394 auctio
728 2339 823 2392 vendit
918 2357 942 2394 10

88 2415 236 2482 stantibus,
255 2415 446 2484 oenophorum,
464 2417 596 2486 tripodes,
614 2416 738 2482 armaria,
757 2415 844 2476 cistas,

89 2491 235 2545 Alcithoen
256 2491 342 2558 Pacci,
360 2493 467 2546 Thebas
484 2498 514 2547 ct
531 2493 618 2546 Terea
635 2492 738 2545 Fausti.

88 2567 149 2622 Hoc
166 2568 251 2622 satius
269 2585 351 2635 quam
369 2569 392 2621 si
409 2569 484 2622 dicas
502 2568 554 2622 sub
567 2568 670 2637 judice,
690 2566 799 2635 “Vidi”

88 2645 168 2709 Quod
186 2661 240 2697 non
258 2645 356 2712 uidisti,
375 2645 477 2700 faciant
493 2647 600 2713 equites
619 2645 715 2699 Asiani

88 2721 249 2788 Quanquam
261 2725 290 2775 et
303 2721 479 2790 Cappadoces
489 2722 593 2776 faciant
604 2722 765 2791 equitesque
778 2718 897 2787 Bithyni,
913 2733 936 2772 rs

89 2797 186 2851 Altera
203 2814 271 2867 quos
288 2797 362 2850 nudo
381 2798 501 2852 traducit
520 2797 607 2851 Gallia
625 2798 689 2852 talo.

87 2873 176 2927 Nemo
193 2877 287 2928 tamen
305 2873 402 2928 studiis
420 2875 562 2944 indignum
580 2876 652 2928 ferre
669 2873 791 2928 laborem

88 2948 208 3017 Cogetur
224 2950 345 3019 posthac,
364 2951 451 3005 nectit
469 2952 623 3020 quicunque
641 2950 746 3004 canoris

87 3022 232 3093 Eloquium
249 3026 341 3080 vocale
358 3027 447 3080 modis
465 3027 626 3097 laurumque
643 3025 797 3080 momordit.

88 3100 149 3154 Hoc
161 3103 241 3170 agite,
255 3118 271 3155 o
277 3102 409 3171 juvenes:
427 3104 618 3175 circumspicit
629 3109 662 3159 et
672 3101 869 3156 summatum
933 3104 966 3136 aa

80 3175 283 3247 Materiemque
302 3179 354 3235 sibi
374 3182 465 3239 Ducis
482 3182 674 3252 indulgentia
691 3172 824 3245 duffii·

71 3250 103 3302 ⁸¹¹
120 3267 176 3319 qua
193 3253 311 3313 aliunde
327 3265 419 3331 putas
439 3279 546 3320 rerum
563 3249 781 3328 exspectanda
793 3243 927 3294 mmm
